1961 3179
201 120 204 124 ·
224 119 304 158 314
1623 119 1712 171 [10]

223 232 335 279 Quod
365 235 493 271 tamen
523 233 636 270 etiam
666 232 706 269 in
737 231 896 281 stropha
924 233 1152 271 restituitur:

463 317 664 374 διάδοχος
695 314 932 374 ἀχοῦσκυ>
973 316 1304 376 προ[σ]πόλων
1332 322 1471 377 χέρας.

221 415 464 452 Hermannus
495 416 620 451 autem
653 413 885 451 emendandi
924 413 1080 462 quidem
1118 415 1221 452 viam
1260 414 1480 453 iamdudum
1519 415 1716 454 indicavit.

221 483 320 520 Nam
351 482 435 530 quis
469 483 527 519 est
553 483 760 519 metrorum
781 482 938 531 peritus⁷
970 482 1063 530 quin
1083 482 1287 531 intellegat
1308 483 1568 532 corruptelam
1587 483 1715 521 inesse

221 550 260 586 in
290 548 483 586 vocabulo
515 543 753 597 ἅλιβάτουὶ)
814 547 1024 587 Hermanni
1062 550 1282 587 coniectura
1312 542 1552 602 ἁλιβρόχου
1584 561 1715 599 quam-

220 617 278 654 vis
318 628 396 654 non
438 619 545 655 certa
583 629 763 655 numeros
798 616 897 655 bene
928 617 1103 655 restituit.
1162 618 1304 656 Iterum
1337 617 1515 655 mendum
1545 617 1715 656 nondum

221 686 413 724 sublatum
445 687 502 724 est
531 685 572 722 in
601 697 664 722 vv.
686 685 737 722 76
752 697 807 734 sq.
867 686 1002 734 Inepte
1030 686 1129 724 enim
1153 685 1247 723 dicit
1266 685 1422 724 chorus:
1457 686 1557 734 „Per
1577 698 1716 736 genam

221 765 388 802 unguem
419 753 549 791 album
580 756 779 792 cruentate
811 756 848 791 et
879 756 1004 792 cutem
1031 755 1317 803 sanguineam.“
1381 754 1503 792 Sensu
1523 755 1717 803 flagitatur

223 814 346 874 ὄνυχι
377 816 551 870 λευκόν,
595 833 680 859 cum
720 821 821 859 illud
862 817 1026 872 φόνιον
1066 822 1332 872 praedicative
1373 822 1512 861 debeat
1549 823 1716 872 positum

223 901 322 929 esse:
359 890 591 939 „Cruentate
622 902 749 939 ungue
781 893 905 928 cutem
937 891 1078 937 albam⁷
1120 893 1161 928 ut
1202 892 1389 940 sanguine
1420 892 1589 929 manet!“
1653 891 1716 930 Sic

223 959 364 1007 optime
404 958 595 1007 particula
633 971 681 997 τε
719 957 850 996 deleta
880 970 1017 996 sensus
1047 959 1270 997 restituitur.
1330 958 1406 997 Sed
1437 961 1598 997 metrum
1629 971 1713 998 cum

222 1026 391 1064 nondum
431 1028 536 1064 recte
565 1026 669 1073 fluat,
706 1025 966 1064 Kirchhoffius
996 1027 1302 1065 interiectionem
1333 1023 1377 1066 ἓὲ
1404 1027 1444 1064 in
1474 1026 1716 1076 antistropho

221 1095 441 1143 suppletam
482 1105 566 1132 esse
608 1094 656 1131 ab
694 1093 849 1132 homine
884 1095 1091 1142 „metrico“
1126 1094 1225 1132 bene
1262 1095 1454 1143 cognovit.
1513 1095 1587 1143 (De
1618 1095 1716 1133 eius-

221 1162 324 1200 modi
353 1162 633 1211 supplementis
660 1161 706 1200 cf.
728 1162 913 1210 imprimis
935 1162 1025 1200 Alc.
1047 1163 1138 1200 213.
1172 1163 1268 1212 226)
1300 1162 1426 1209 Quare
1447 1165 1534 1212 post
1555 1157 1716 1213 φόνιον

223 1232 264 1268 et
290 1225 440 1278 πάθος
469 1231 634 1268 lacunae
665 1229 893 1268 statuendae
925 1233 1027 1268 sunt:

424 1328 627 1341 υυυυυ
643 1317 1532 1353 Ιψψψυ-Ιυ-ψ-Ιυ-υψψιψ<-υ·-)

335 1390 476 1428 Subtili
508 1390 705 1438 elegantia
736 1401 892 1428 carmen
922 1389 1174 1439 compositum
1203 1401 1287 1428 esse
1310 1402 1357 1428 ex
1377 1389 1452 1429 hoc
1472 1402 1716 1428 numerorum

222 1469 336 1496 cursu
367 1460 546 1507 apparet:

216 1352 230 1371 d

731 1874 1221 1909 ψ-ψ-Ι-υ-Ιψ--

222 1948 402 1986 Numeris
433 1948 636 1996 allicimur,
666 1950 708 1985 ut
739 1948 853 1986 etiam
883 1959 1035 1986 versum
1065 1948 1345 1998 paenultimum
1376 1948 1606 1987 dividamus:

699 2046 902 2060 cmv-2,
917 2036 1050 2070 ιψψψ
1079 2051 1113 2055 -
1141 2046 1175 2060 ψ

715 2107 750 2112 -
779 2093 922 2127 ν-υΙ
954 2107 989 2112 -
1018 2085 1264 2133 υυυψ<ῗὴ

223 2166 265 2201 ut
296 2163 512 2202 discindere
543 2166 672 2202 solent
702 2164 870 2203 editores
900 2163 970 2203 hos
1000 2176 1146 2202 versus.
1206 2165 1355 2203 Tamen
1386 2176 1431 2203 eo
1462 2164 1576 2203 modo
1603 2165 1717 2203 meris

223 2232 360 2269 iambis
390 2231 658 2270 trochaeorum
689 2233 838 2281 species
869 2233 1107 2280 conciliatur,
1139 2232 1243 2281 quod
1272 2233 1311 2270 in
1343 2233 1511 2271 carmine
1540 2232 1717 2282 iambico,

224 2300 297 2337 nisi
328 2300 454 2338 causis
485 2300 730 2349 gravissimis,
761 2299 844 2338 fieri
874 2301 941 2337 vix
970 2303 1109 2350 potest.

338 2413 493 2461 Suppl.
526 2413 617 2450 616.
676 2412 866 2460 Alterum,
909 2412 955 2451 de
986 2424 1062 2461 quo
1102 2412 1272 2451 breviter
1311 2424 1434 2461 agam,
1474 2424 1630 2451 carmen
1660 2415 1718 2451 est

226 2479 362 2528 Suppl.
384 2492 418 2518 v.
442 2482 520 2518 616
535 2492 629 2530 sqq.‚
666 2480 769 2529 quod
806 2481 947 2529 optime
977 2480 1159 2519 traditum
1190 2483 1258 2519 est.
1316 2481 1427 2518 Nihil
1455 2480 1537 2519 fere
1567 2483 1716 2518 mutan-

227 2546 327 2594 dum,
368 2548 443 2584 iam
475 2547 522 2585 de
551 2548 785 2586 lectionibus
814 2561 892 2586 non
923 2551 1100 2586 certatur.
1160 2549 1310 2586 Tamen
1349 2549 1482 2585 miram
1522 2548 1716 2597 quandam

228 2615 529 2662 congruentiam,
571 2627 670 2664 quae
702 2615 863 2654 efficitur
893 2619 1099 2654 metrorum
1134 2617 1314 2664 numeris,
1354 2627 1478 2663 nemo,
1518 2616 1558 2653 ni
1587 2615 1716 2663 fallor,

228 2681 354 2719 adhuc
405 2682 636 2720 observavit.
709 2683 850 2732 Incipit
899 2683 999 2721 enim
1049 2684 1215 2721 alterum
1259 2683 1537 2722 hemichorium
1582 2696 1605 2721 a
1650 2695 1719 2722 sex

228 2749 358 2788 metris
402 2749 576 2788 iambicis
616 2752 810 2801 (quartum
848 2762 919 2801 per
957 2751 1160 2789 anaclasin
1195 2751 1404 2802 inflexum),
1442 2750 1556 2789 finem
1592 2754 1718 2790 autem
