1961 3179
340 186 422 223 464
588 163 596 168 ⁵
1715 181 1842 241 [160]

340 299 443 345 Quos
474 311 607 337 versus
636 311 721 337 eum
742 300 979 348 respicimus,
1011 299 1196 337 doehmiis
1216 300 1479 348 intellegimus
1502 311 1585 338 esse
1607 299 1834 346 simillimos,

338 368 566 416 praesertim
598 379 682 405 oum
716 370 753 405 et
782 367 1046 417 producantur
1067 370 1105 405 et
1126 368 1327 405 solvantur
1349 367 1529 416 syllabae
1551 366 1687 406 eodem
1708 366 1834 416 modo,

341 447 416 484 quo
449 435 490 472 in
520 435 651 473 metris
682 434 937 474 dochmiaeis:

904 522 1016 532 —S-dx.)
1077 522 1264 533 &dv—vv

907 535 935 544 ψ
973 534 1063 546 -γυ
1098 538 1129 540 ᾈ
1158 535 1185 544 v
1222 539 1255 541 —

337 594 461 632 Iambi
491 605 575 632 esse
604 606 683 632 non
712 597 875 644 possunt
894 606 1021 643 neque
1042 595 1285 632 Hermannus
1307 594 1513 643 quicquam
1534 594 1617 632 veri
1638 595 1834 632 assecutus

339 665 406 709 est,
437 674 521 700 cum
552 662 874 710 isohiorrhogioos
906 674 970 700 eos
1001 665 1169 709 vocaret,
1199 661 1302 710 quod
1331 663 1446 699 inane
1477 664 1534 700 est
1554 673 1706 709 nomen,
1735 660 1835 698 nihil

338 729 454 767 aliud.
522 730 642 768 Immo
682 730 867 768 dochmiis
906 730 1110 777 tribuendi,
1152 731 1259 779 pleni
1300 732 1388 767 sunt
1428 729 1604 778 dochmii‚
1645 741 1666 767 e
1697 728 1834 777 quibus

339 798 464 835 altera
505 798 613 836 brevi
654 810 860 847 suppressa
900 799 1064 836 usitatae
1101 798 1248 835 formae
1280 798 1481 838 ducuntur.
1541 796 1668 843 Quare
1699 807 1834 834 versus

340 865 588 904 dochmiacus
621 878 641 904 e
672 867 939 904 semitrimetro
970 866 1135 904 iambico
1166 866 1319 903 videtur
1350 868 1454 903 ortus
1486 877 1581 915 esse,
1612 876 1680 902 seu
1706 865 1833 913 potius

339 933 522 972 dimetrus
563 934 811 972 dochmiacus
853 947 873 972 e
915 935 1077 972 senario.
1142 933 1307 972 Accedit
1349 934 1460 980 enim,
1502 932 1605 981 quod
1643 933 1684 969 in
1722 932 1832 969 nullo

343 1003 485 1050 „pleno
528 1001 730 1040 (ΙΟΟΙιιῑιίοιι
777 1004 903 1040 altera
942 1002 1070 1040 brevis
1113 1002 1268 1049 syllaba
1306 1001 1497 1050 producta
1543 1003 1609 1038 est.
1679 1000 1833 1039 Certum

338 1072 464 1107 autem
495 1073 761 1118 argumentum
791 1070 872 1107 Ion.
904 1082 938 1107 v.
964 1071 1067 1107 1471
1101 1069 1204 1116 mihi,
1240 1069 1369 1107 neseio
1402 1082 1452 1106 an
1480 1068 1581 1117 aliis,
1611 1068 1793 1117 praebet:

501 1161 581 1198 Ion.
612 1160 707 1207 πῶς
738 1155 886 1207 dmm,-
923 1160 982 1199 Cr.
1004 1154 1201 1199 ἄλλοθεν
1237 1157 1422 1211 γέγονας
1454 1151 1666 1198 ἄλλοθεν.

807 1325 1063 1339 --υ-ψ-
1103 1325 1351 1339 &juv—Q—
