1961 3179
263 229 343 266 412
1635 232 1751 285 [108]

261 355 346 381 cum
378 347 577 392 quaerant,
609 347 836 383 cunctentur
866 345 907 382 in
937 345 1109 384 facinore
1140 345 1327 395 faciendo,
1366 347 1447 386 sive
1476 347 1516 385 in
1548 348 1753 386 enuntiatis

260 412 509 451 conficiendis
549 412 612 461 (cf.
634 414 743 463 impr.
764 415 856 452 Hec.
882 415 1021 464 1094),
1061 415 1144 464 ipse
1185 415 1390 465 Euripides
1429 413 1603 455 senarios
1643 416 1753 466 fingit

258 482 474 530 loquentes.

372 550 458 587 Hoc
500 550 540 586 in
584 550 804 588 universum
848 550 1057 588 tenendum
1111 562 1194 589 esse
1244 551 1397 589 videtur
1436 564 1567 590 omnes
1607 564 1752 600 versus,

259 616 324 663 qui
364 618 402 653 et
441 617 572 654 metris
612 619 650 654 et
690 618 968 655 sententiarum
1008 617 1143 655 ordine
1183 619 1376 657 coniuncti
1415 622 1504 657 sunt
1543 631 1629 656 cum
1664 620 1752 657 aliis

260 684 434 731 cantatis,
476 685 589 722 etiam
632 687 807 723 cantatos
837 685 966 732 fuisse,
1007 686 1079 723 nisi
1109 697 1243 724 versus
1276 689 1467 724 structura
1498 689 1563 724 aut
1593 698 1635 724 re
1667 687 1752 735 ipsa

259 752 309 789 ad
340 752 417 789 alia
457 752 695 790 adducimur.
756 752 877 798 Quam
918 754 1130 802 quaerendi
1167 755 1354 792 rationem
1385 757 1531 793 rectam
1562 766 1646 793 esse
1675 755 1749 792 iam

258 832 306 857 ex
347 831 392 857 eo
433 823 612 869 apparet,
654 821 757 869 quod
796 822 837 858 in
878 822 1108 860 carminibus
1149 835 1172 860 a
1213 825 1292 860 toto
1334 822 1450 861 choro
1492 823 1656 861 cantatis
1694 845 1751 850 —

257 887 452 936 strophica
483 889 568 926 dico
600 892 638 926 et
669 889 813 938 epodos
835 890 1102 928 —trimetros
1132 891 1359 937 invenimus,
1391 890 1438 928 de
1470 891 1607 939 quibus
1637 902 1749 928 nemo

258 955 434 993 dubitare
474 959 616 1005 potest,
658 957 751 1005 quin
792 958 937 995 cantati
977 958 1062 995 sint.
1122 958 1154 994 E
1195 959 1332 1007 quibus
1373 957 1540 1007 profecti
1580 958 1630 996 ad
1670 959 1751 996 alia

257 1022 478 1062 difficiliora
508 1025 847 1073 transgrediamur.
905 1026 1004 1063 Nam
1044 1038 1105 1064 res
1145 1027 1275 1074 aliquo
1316 1026 1429 1063 modo
1465 1025 1660 1064 difficilior
1698 1026 1750 1074 fit,

256 1091 321 1128 ubi
361 1092 482 1140 magis
523 1093 691 1141 agitatur
730 1094 812 1131 sive
854 1094 968 1131 etiam
1009 1094 1256 1142 perturbatur
1297 1094 1461 1131 actionis
1501 1105 1645 1140 cursus,
1685 1094 1750 1131 ubi

257 1159 435 1208 dialogus
485 1160 727 1209 discinditur,
777 1163 913 1210 verba,
964 1163 1100 1209 quibus
1150 1161 1293 1199 factum
1343 1161 1502 1210 aliquod
1543 1162 1749 1208 nuntiatur,

255 1227 483 1265 dirimuntur
512 1228 695 1266 brevibus
724 1230 896 1278 partibus
926 1230 1063 1277 lyricis
1092 1232 1129 1267 et
1149 1230 1230 1267 sim.
1289 1229 1399 1267 Nihil
1424 1230 1593 1277 interest,
1623 1232 1748 1267 utrum

256 1294 373 1332 choro
422 1308 471 1332 an
510 1296 579 1332 alii
618 1308 806 1345 personae
843 1297 1036 1335 tribuendi
1076 1297 1151 1334 sint
1186 1308 1331 1344 versus,
1372 1309 1457 1334 cum
1486 1297 1527 1334 in
1558 1294 1748 1336 eiusmodi

254 1364 350 1401 locis
382 1364 624 1413 coryphaeus
656 1364 791 1402 eodem
822 1365 935 1403 modo
966 1366 1074 1414 loqui
1104 1366 1228 1403 soleat
1259 1377 1333 1414 quo
1366 1369 1517 1404 ceterae
1547 1378 1747 1414 personae,

253 1443 379 1480 nequo
410 1433 448 1469 in
480 1433 590 1470 libris
622 1433 731 1471 chori
761 1434 880 1471 verba
911 1447 933 1471 a
964 1433 1174 1483 coryphaei
1205 1433 1437 1471 dividantur.

367 1500 641 1549 Digerentibus
681 1502 790 1540 nobis
833 1513 899 1540 eos
939 1513 1073 1540 versus
1115 1503 1258 1540 multae
1298 1513 1361 1540 res
1392 1504 1608 1551 occurrunt,
1649 1513 1747 1551 quae

254 1571 435 1606 accurate
466 1569 731 1607 observandae
763 1572 860 1607 sunt.
1464 1571 1468 1575 '

367 1637 535 1674 Primum
568 1638 830 1686 quaerendum
861 1641 928 1687 est,
965 1641 1090 1676 utrum
1123 1650 1301 1676 versuum
1334 1639 1526 1676 sententia
1556 1650 1601 1676 eo
1632 1638 1745 1676 modo

255 1705 469 1752 cohaereat,
510 1708 552 1742 ut
591 1717 670 1742 non
699 1706 904 1743 videantur
934 1705 1060 1744 dirimi
1089 1718 1212 1755 posse,
1252 1718 1386 1744 necne.
1446 1706 1553 1752 Quae
1583 1718 1644 1744 res
1675 1707 1747 1744 etsi

253 1773 441 1810 facillima
471 1773 623 1811 videtur
654 1785 747 1821 esse,
783 1776 912 1811 tamen
943 1786 1021 1811 non
1051 1777 1127 1811 tam
1159 1776 1264 1812 certa
1295 1777 1362 1821 est,
1398 1776 1440 1812 ut
1471 1775 1505 1812 ei
1535 1774 1575 1811 in
1605 1773 1742 1812 diiudi-

253 1840 379 1878 canda
421 1841 645 1888 quaestione
686 1853 837 1890 semper
880 1841 976 1880 fides
1020 1841 1202 1880 habenda
1241 1842 1301 1880 sit.
1369 1842 1470 1879 Nam
1508 1841 1593 1880 fieri
1631 1853 1746 1891 posse

253 1911 425 1957 apparet,
467 1911 508 1946 ut
547 1920 624 1946 non
664 1910 790 1947 solum
830 1910 865 1947 ei
904 1922 1049 1957 versus,
1090 1910 1155 1958 qui
1194 1910 1364 1958 graviter
1400 1909 1636 1956 dirimantur,
1676 1909 1745 1947 sed

252 1976 365 2013 etiam
409 1977 458 2023 ei,
500 1977 565 2025 qui
607 1977 677 2015 etsi
718 1977 922 2016 videantur
960 1978 1183 2025 cohaerere,
1224 1980 1353 2016 tamen
1392 1989 1462 2027 per
1502 1988 1543 2015 se
1583 1977 1744 2026 quisque

253 2046 354 2081 stare
398 2045 561 2093 possint,
607 2046 866 2093 seiungantur.
935 2047 1084 2084 Tamen
1129 2049 1395 2094 argumentum
1439 2047 1557 2095 plane
1598 2047 1744 2084 certum

252 2114 320 2158 est,
361 2112 392 2149 si
431 2124 565 2150 versus
605 2125 682 2150 non
722 2114 845 2162 possis
885 2114 1069 2161 dividere,
1110 2114 1184 2152 nisi
1224 2114 1453 2152 sententiam
1491 2114 1611 2162 plane
1643 2113 1743 2151 velis

252 2179 431 2217 dirimere
463 2183 579 2229 atque
616 2181 853 2229 perturbare.
913 2182 1103 2231 Imprimis
1144 2194 1190 2220 ea
1229 2194 1270 2219 re
1310 2182 1465 2231 egregie
1505 2180 1743 2226 adiuvamur,

251 2247 480 2295 ubicumque
512 2260 558 2285 ea
587 2260 676 2297 pars
707 2249 986 2298 antistrophica
1017 2252 1074 2287 est
1101 2252 1138 2287 et
1159 2250 1356 2298 utriusque
1379 2248 1560 2298 strophae
1580 2248 1743 2286 trimetri

252 2317 317 2352 aut
348 2314 557 2353 cohaerent
589 2319 654 2353 aut
685 2317 848 2354 seiuncti
878 2319 966 2355 sunt
996 2329 1018 2354 a
1048 2318 1210 2365 reliquis
1241 2317 1426 2355 versibus.

362 2384 422 2420 Ne
467 2382 573 2420 hiatu
618 2384 772 2432 quidem
818 2388 883 2422 aut
927 2385 1084 2432 syllaba
1128 2386 1287 2434 ancipiti
1332 2386 1414 2423 sive
1459 2388 1549 2423 ante
1589 2396 1742 2422 versum

250 2451 460 2487 trimetrum
491 2451 573 2488 sive
603 2452 642 2488 in
672 2451 747 2490 fine
778 2452 859 2490 eius
886 2453 1020 2501 positis
1041 2452 1148 2490 aliud
1170 2454 1375 2501 quicquam
1395 2453 1596 2499 indicatur,
1627 2463 1740 2500 quam

249 2529 290 2554 re
340 2530 432 2555 vera
479 2518 659 2567 periodos
707 2520 761 2557 ita
801 2531 886 2557 esse
928 2520 1166 2559 dividendas.
1224 2521 1324 2558 Nam
1365 2520 1471 2558 hiatu
1512 2522 1550 2558 et
1586 2519 1741 2567 syllaba

249 2585 369 2631 brevi,
411 2586 557 2623 etiamsi
594 2587 694 2624 alter
734 2587 888 2625 additur
928 2588 977 2626 ad
1017 2589 1190 2635 alteram,
1231 2601 1308 2626 non
1347 2589 1471 2637 magis
1512 2587 1741 2636 disiungitur

249 2653 443 2690 trimetrus
473 2654 658 2692 iambicus
690 2668 712 2692 a
743 2656 919 2693 versibus
960 2657 1091 2704 lyricis
1131 2668 1246 2704 quam
1286 2668 1437 2705 semper
1476 2655 1602 2693 dividi
1640 2655 1741 2692 solet

249 2731 381 2757 versus
412 2732 434 2756 a
464 2732 588 2761 versu,
648 2721 761 2767 Quod
802 2726 946 2761 certum
977 2728 1242 2772 argumentum
1283 2725 1395 2762 nullo
1432 2723 1545 2761 modo
1577 2734 1660 2760 esse
1689 2734 1738 2759 ex

249 2780 334 2834 ipsa
365 2787 587 2833 quaestione
619 2789 833 2837 apparebit,
874 2801 1105 2838 quamquam
1145 2802 1297 2840 semper
1326 2790 1519 2828 notandae
1550 2792 1638 2828 sunt
1668 2800 1736 2826 eae

248 2863 322 2901 res,
352 2853 383 2891 si
412 2853 462 2891 ad
493 2854 590 2892 alias
621 2855 819 2895 accedunt,
