1961 3179
256 210 335 248 382
680 205 684 210 ’
1657 202 1744 255 [78]

459 323 551 361 715.
1193 340 1226 353 ψ
1255 345 1287 348 —
1318 331 1515 376 -υυυι

1194 407 1396 421 ψψψψψ
1425 411 1458 414 -
1505 377 1559 438 1]

606 476 979 490 ψψψψψψψψψψ
990 475 1159 489 ,ψψ-
1194 479 1363 483 -Q-
1552 440 1558 505 Ι

831 679 1080 693 -υυ-ψ-
1551 662 1557 764 Ι

830 747 1080 762 ------

461 800 553 838 720.
1193 816 1226 829 ψ
1254 820 1288 824 -
1317 815 1396 829 -c
1425 820 1458 823 -
1500 767 1558 856 1]

1193 883 1351 897 -ψυ--
1379 883 1397 896 J
1426 887 1459 890 —-
1501 857 1513 904 ¹

834 929 1082 943 &tw—K)—

832 997 1079 1011 ψψψψψψ

833 1066 1081 1080 vvvvvv

833 1134 1037 1148 ψυυ--ψ
1064 1138 1082 1141 -

1049 1201 1263 1215 -----

1048 1269 1263 1283 -----

370 1380 464 1418 Ion.
497 1377 589 1418 763.
649 1377 822 1426 Simplex
853 1376 1005 1415 videtur
1034 1388 1124 1426 pars
1155 1377 1283 1414 solnta
1312 1375 1403 1413 inde
1430 1388 1453 1413 a
1482 1387 1518 1415 v.
1541 1375 1632 1424 763,
1665 1386 1750 1412 cum

257 1448 481 1497 compositio
513 1449 648 1496 aperta
677 1446 736 1484 sit.
795 1445 980 1483 Attamen
1011 1444 1149 1482 breves
1180 1446 1309 1493 partes
1339 1443 1499 1491 lyricae,
1530 1455 1630 1491 quae
1650 1443 1751 1480 inter

257 1518 464 1564 quaternos
495 1515 666 1553 senarios
696 1514 846 1563 positae
879 1515 976 1562 sunt,
1013 1524 1144 1550 omnes
1175 1511 1256 1550 fere
1288 1511 1385 1549 adeo
1417 1513 1622 1560 corruptae
1653 1513 1751 1558 sunt,

257 1587 298 1622 ut
329 1587 474 1622 certum
504 1581 687 1621 concludi
722 1593 800 1619 non
830 1581 961 1630 possit.
1020 1581 1120 1619 Nam
1152 1579 1361 1629 videamus,
1399 1591 1498 1628 quae
1534 1579 1644 1618 libris
1674 1581 1750 1616 tra-

259 1651 410 1699 dantur,
442 1663 541 1700 quae
574 1649 817 1688 emendanda
847 1650 933 1687 sint.

666 1752 757 1792 ΠΡ.
800 1744 909 1803 ὥιιοι
943 1745 1140 1803 θάνοιμι
1173 1746 1386 1803 θιγατερ

1074 1819 1160 1859 ΚΡ.
1203 1819 1240 1857 ὠ
1268 1813 1444 1857 τάλαιν’
1473 1812 1600 1870 ἕγώῐ)

374 1944 399 1986 ¹)
426 1943 614 1977 Librorum
632 1942 740 1977 lectio
758 1940 1035 1985 interpolatione
1054 1940 1206 1984 quadam
1224 1943 1393 1985 corrupta
1411 1944 1476 1975 est.
1516 1939 1752 1984 Adscriptnm

259 2000 350 2034 enim
376 2003 452 2034 erat
476 1999 522 2034 ad
547 1999 637 2033 illud
663 2001 860 2043 συμφορᾶς
888 2008 921 2032 v.
941 2000 1015 2041 759,
1042 1997 1103 2041 qui
1128 1996 1220 2032 falso
1253 2000 1335 2032 aute
1367 1997 1406 2032 id
1437 1996 1589 2032 verbum
1621 1997 1751 2031 iterum

258 2056 293 2090 in
318 2060 458 2090 textum
483 2056 603 2091 illatus
628 2059 695 2090 est.
743 2055 850 2096 Quod
874 2054 979 2089 facile
1004 2054 1230 2098 perspicitur.
1278 2054 1415 2088 Tamen
1441 2064 1484 2088 eo
1508 2064 1613 2088 versu
1631 2053 1752 2088 deleto

258 2113 417 2147 nondum
443 2112 561 2147 omnia
584 2122 670 2147 sana
700 2115 792 2147 sunt.
841 2111 1039 2146 Videamus
1071 2111 1190 2155 igitur,
1223 2110 1284 2145 ubi
1316 2111 1363 2145 sit
1394 2109 1607 2154 corruptela.
1656 2109 1754 2144 Libri

258 2173 375 2203 totum
409 2169 561 2213 primum
595 2180 627 2203 v.
662 2169 740 2203 seni
772 2167 942 2212 tribuunt,
976 2166 1068 2202 falso
1094 2167 1251 2212 quidem,
1287 2178 1367 2202 cnm
1400 2166 1512 2202 verba
1545 2166 1575 2200 (ὀ
1604 2161 1752 2200 ‘culicem'

258 2221 329 2270 2'201'
354 2226 414 2260 uni
443 2226 598 2260 Creusae
632 2235 712 2260 esse
745 2225 897 2269 possint.
954 2223 1025 2259 Sed
1058 2224 1093 2257 in
1125 2223 1196 2258 hoc
1226 2223 1385 2258 nondum
1419 2223 1658 2258 substiterunt
1687 2222 1754 2257 viri

259 2282 368 2316 docti.
416 2281 651 2317 offenderunt
683 2280 775 2316 enim
807 2281 842 2314 in
874 2290 928 2323 eo⁷
963 2279 1062 2324 quod
1096 2280 1163 2315 etsi
1189 2279 1361 2314 Creusa
1394 2290 1439 2314 ex
1470 2280 1581 2314 choro
1616 2279 1753 2323 qnaesi-

259 2339 362 2383 verit,
387 2339 522 2382 primus
547 2348 660 2373 senex
685 2337 796 2372 verba
820 2336 907 2371 facit
941 2340 978 2371 et
1003 2336 1049 2371 ob
1076 2347 1154 2371 eam
1179 2347 1253 2371 rem
1278 2336 1514 2380 scripserunt:
1549 2336 1623 2370 KP.
1656 2330 1751 2378 ὦμοι

263 2391 428 2439 θάνοιμι,
502 2395 575 2428 ΠΡ.
614 2390 786 2439 &tipum-*o
862 2394 929 2427 ΚΡ
952 2421 1065 2428 .....
1136 2393 1235 2434 Quae
1282 2393 1404 2437 opinio
1450 2392 1589 2427 duabus
1635 2393 1753 2427 causis

259 2452 458 2486 refellenda
491 2455 557 2486 est.
616 2451 772 2485 Primum
809 2450 975 2494 analogia
1008 2461 1040 2485 v.
1061 2453 1124 2484 765
1163 2450 1301 2493 obstat,
1340 2450 1374 2483 in
1410 2460 1481 2494 quo
1514 2449 1610 2484 idem
1642 2459 1753 2484 senex

259 2509 372 2552 prima
418 2508 530 2543 verba
574 2508 684 2543 habet
731 2511 768 2542 et
813 2507 964 2551 optime,
1023 2517 1102 2541 cum
1149 2506 1239 2541 illud
1285 2504 1415 2540 τέκνον
1471 2505 1651 2540 seclusum
1698 2506 1754 2550 (nt

260 2565 481 2599 Boissanade
525 2565 563 2599 id
599 2575 708 2599 unum
752 2564 830 2599 seni
877 2563 1017 2607 tribuit)
1061 2563 1106 2597 ad
1150 2572 1245 2598 nova
1292 2562 1456 2607 exempla
1501 2562 1753 2607 compositum,

260 2632 329 2655 non
368 2621 546 2656 Graecum
583 2622 639 2656 sit.
700 2620 840 2655 Deinde
880 2620 978 2655 viros
1019 2619 1149 2655 doctos
1189 2619 1283 2664 fugit
1322 2629 1444 2654 senem
1483 2619 1600 2663 loqui,
1640 2619 1754 2653 solam

260 2678 429 2712 Creusam
476 2681 632 2712 cantare.
703 2677 819 2721 Saepe
867 2677 1012 2721 quidem
1061 2676 1262 2720 longiorem
1302 2687 1428 2711 versus
1467 2679 1605 2720 partem
1644 2675 1755 2710 altera

260 2743 415 2777 persona
446 2734 566 2778 habet,
599 2744 690 2778 quae
723 2733 891 2778 loquitur⁷
927 2744 1007 2768 cum
1038 2733 1150 2768 altera
1174 2733 1353 2768 cantando
1379 2733 1565 2767 continuet
1586 2735 1749 2767 metrum.

262 2790 334 2824 Sed
359 2790 517 2825 dochmii
542 2794 625 2825 octo
650 2800 768 2825 moras
793 2790 841 2824 ita
865 2789 1040 2833 dividere,
1066 2792 1106 2823 ut
1129 2790 1260 2834 primas
1293 2793 1365 2823 tres
1397 2789 1566 2833 loquatur
1596 2798 1751 2833 persona

261 2847 396 2892 aliqua,
436 2850 575 2882 ceteras
608 2847 721 2882 altera
754 2848 885 2892 cantet,
922 2845 1110 2881 ridiculum
1144 2849 1207 2881 est.
1257 2846 1449 2881 Praeterea
1472 2845 1558 2880 nihil
1589 2845 1750 2890 impedit,
