1961 3179
176 230 264 283 [85]
1586 240 1667 277 389

472 347 654 386 habuisse
690 349 879 387 metrum?
939 349 1081 388 Omnes
1117 351 1234 399 igitur
1273 352 1528 400 coniecturae,
1569 365 1666 401 quae

472 416 512 453 id
543 417 749 464 omittunt,⁴
763 418 911 455 somnia
941 421 1038 455 sunt.

285 496 321 521 v.
345 485 437 524 276.
468 486 556 522 ante
588 482 751 537 γεραίῳ
781 484 846 538 τῷ
876 485 964 523 add.

285 565 319 589 v.
343 553 436 590 279.
466 553 607 590 Iterum
640 552 798 602 epodus,
829 556 869 591 ut
897 554 951 591 ita
981 553 1116 600 dicam,
1146 577 1203 582 —-
1232 554 1317 593 finis
1347 557 1473 605 potius
1503 579 1559 584 ——-
1589 560 1666 595 tam

464 620 628 658 obscura
673 624 746 668 est,
796 624 837 659 ut
882 621 1049 660 audaces
1095 623 1169 660 sint
1212 635 1282 672 per
1324 635 1364 661 se
1410 625 1665 663 coniecturae.

462 689 612 727 Tamen
643 689 740 727 haec
773 689 847 728 dici
877 693 1053 739 possunt:
1085 692 1129 727 In
1160 692 1357 729 enuntiato
1389 693 1554 731 relativo
1575 693 1665 731 inde

462 769 484 794 a
516 770 550 795 v.
573 757 652 795 285
677 758 835 795 verbum
857 758 976 805 deest,
1009 761 1112 796 certe
1139 771 1267 806 unum,
1298 760 1435 798 melius
1463 760 1550 808 duO,
1581 773 1666 799 cum

461 827 499 862 et
529 825 648 863 verba
677 825 888 865 τᾶκεῑθει)
910 822 1067 865 ἐνθάδ’
1089 830 1125 864 et
1147 818 1354 866 ἀντίπαλ’
1375 820 1506 874 αὖθις
1527 824 1665 868 ἐκεῖσε

461 893 623 941 singulis
653 892 858 930 videantur
879 905 992 942 egere
1015 895 1151 942 verbis,
1183 894 1408 943 quibuscum
1430 896 1665 944 coniungan-

460 963 532 997 tur.
593 960 718 997 Etiam
751 961 889 1009 quibus
910 961 1006 999 locis
1029 961 1243 999 exciderint
1264 974 1310 999 ea
1330 962 1460 1010 verba,
1491 966 1665 1012 apertum

461 1027 554 1065 mihi
585 1039 668 1066 esse
696 1028 860 1067 videtur.
919 1030 1101 1067 Alterum
1123 1033 1210 1078 post
1231 1025 1390 1070 ἐνθάδ’
1419 1031 1665 1069 inserendum

461 1099 519 1134 est
548 1099 590 1134 ut

598 1168 645 1222 ὃς
677 1170 825 1216 πάντα
856 1168 1067 1216 τάκεῖθεν
1105 1170 1266 1217 {vflczd'
1309 1170 1508 1232 (ἤγαγ’),

460 1257 624 1293 alterum
646 1260 733 1305 post
755 1253 906 1296 ἐκεῖσε.
954 1256 1054 1302 Quid
1076 1257 1125 1294 sit
1146 1256 1258 1309 illud,
1279 1257 1500 1295 iamdudum
1524 1270 1665 1306 cogno-

459 1328 598 1362 verunt
633 1325 705 1362 viri
745 1324 848 1362 docti
889 1325 1077 1372 (Bothius,
1108 1326 1217 1366 Hart.
1249 1327 1354 1374 etc),
1397 1337 1481 1363 cum
1523 1327 1666 1375 optime

460 1389 596 1432 ἔσεισε
639 1392 863 1430 scriberent.
923 1394 1073 1430 Tamen
1113 1394 1153 1430 in
1194 1405 1238 1431 eo
1280 1397 1524 1441 erraverunt,
1562 1395 1665 1443 quod

458 1457 594 1499 ἐκεῖσε
625 1460 725 1498 falso
757 1461 940 1509 script-um
973 1464 1156 1509 putarunt
1185 1473 1255 1510 pro
1277 1463 1347 1499 illo
1371 1456 1518 1510 ἔσεισε,
1550 1463 1664 1500 immo

457 1528 572 1577 periit
602 1528 762 1566 verbum
793 1532 950 1577 propter
981 1528 1268 1567 similitudinem
1301 1530 1392 1577 eius,
1424 1531 1528 1578 quod
1558 1534 1664 1569 ante-

459 1596 633 1636 cedebat.

282 1677 315 1702 v.
340 1666 433 1703 289.
463 1665 674 1703 Enuntiata
706 1666 872 1714 abrupta
902 1665 1071 1703 reddidit
1093 1666 1254 1703 consilio
1275 1669 1402 1714 poeta,
1433 1669 1474 1704 ut
1505 1667 1665 1706 difficile

458 1734 506 1771 sit
537 1745 774 1782 cognoscere
805 1735 1058 1783 corruptelas.
1118 1734 1269 1771 Tamen
1295 1737 1398 1772 certe
1421 1731 1595 1787 οἴχομαι
1617 1747 1665 1773 ex

458 1802 778 1850 interpretatione
818 1801 868 1839 ad
904 1799 1070 1851 βέβακα
1101 1801 1300 1850 adscripta
1329 1803 1369 1839 in
1399 1805 1545 1840 textum
1576 1804 1664 1840 illa-

458 1873 537 1907 tum
579 1873 636 1908 est
682 1869 895 1918 eademque
942 1869 990 1907 de
1036 1882 1152 1908 causa
1197 1871 1313 1908 etiam
1359 1863 1548 1910 τάλαινα
1594 1872 1664 1919 (Ξ

461 1932 734 1989 δύσποτμος)
766 1937 975 1975 delendum
1007 1941 1073 1976 est.
1104 1959 1160 1965 —-

280 2006 420 2043 Totum
453 2007 644 2043 canticum
675 2006 714 2042 in
746 2005 943 2054 stropham
975 2008 1012 2043 et
1033 2005 1315 2054 antistrophum
1336 2006 1514 2054 redigere
1536 2007 1664 2044 conati

166 2077 255 2112 sunt
294 2075 503 2122 Burgesius
544 2077 581 2112 et-
611 2074 728 2112 Seidl.
788 2074 926 2122 Neque
966 2085 1058 2112 vero
1094 2074 1212 2122 plane
1243 2073 1480 2122 respondent-
1510 2075 1664 2122 singula

166 2143 348 2191 membra,
380 2142 447 2181 sed
475 2143 616 2180 similia
637 2145 735 2188 suni,
766 2153 1053 2190 nonnumquam
1075 2142 1281 2180 simillima.
1342 2141 1450 2187 Quae
1470 2143 1509 2179 in
1530 2143 1662 2191 primis

165 2210 241 2248 iam
272 2211 445 2249 versibus
474 2211 777 2260 perspiciuntur:

574 2291 592 2328 1
810 2308 843 2322 ψ
857 2308 924 2322 Q,
936 2313 969 2316 -
997 2309 1015 2321 ,
1036 2312 1059 2316 μ

371 2438 463 2478 240.
864 2438 963 2476 trim.

590 2518 802 2568 θ--ψ-

811 2672 1062 2686 -υυ-υ-

280 2753 307 2797 1)
333 2753 401 2787 Hic
433 2753 652 2796 versiculus,
688 2753 750 2796 qui
781 2753 816 2787 in
850 2753 998 2788 canticis
1031 2752 1172 2788 dochm.
1206 2752 1350 2797 saepius
1384 2752 1556 2796 occurrit,
1588 2764 1660 2787 non

165 2809 309 2844 videtur
334 2819 415 2844 esse
439 2809 588 2853 iambis,
614 2809 679 2844 sed
698 2809 839 2844 dochm.
856 2820 896 2844 re
915 2810 1050 2844 musica
1066 2809 1309 2853 supplendus:
1338 2825 1553 2848 ><--ψ-
1589 2808 1660 2853 (Cf.

165 2869 269 2901 notas
294 2866 446 2901 musicas
471 2866 517 2901 ad
542 2865 598 2901 Or.
626 2869 689 2901 343
716 2870 752 2901 et
776 2865 866 2901 infra
891 2866 937 2901 de
963 2877 1021 2902 vv.
1040 2859 1198 2910 dochm.)
