1961 3179
311 115 390 153 436
1682 114 1799 173 [132]

422 228 617 265 Fortunae
658 227 846 266 adversae
886 228 1129 266 tribuendum
1171 231 1246 277 est,
1291 230 1394 278 quod
1434 230 1480 268 de
1522 231 1575 268 eis
1615 231 1800 279 versibus,

310 307 406 343 quos
445 298 486 333 ut
526 307 574 333 ex
613 296 744 345 primis
783 299 922 345 poetae
961 296 1104 335 fabulis
1143 298 1286 346 primos
1325 300 1547 345 tractamus,
1588 310 1718 346 nemo,
1759 299 1800 336 ni

308 363 436 410 fallor,
467 363 593 401 adhuc
625 364 779 401 omnino
812 364 1012 411 dubitavit,
1043 365 1136 412 quin
1167 367 1322 402 cantata
1353 365 1439 403 sint.
1499 366 1646 404 Tamen
1668 377 1799 414 quam-

309 443 422 479 quam
453 432 590 469 melius
620 431 782 470 fortasse
805 444 902 480 quae
923 433 1106 482 proposui
1127 432 1489 482 demonstrarentur,
1521 434 1552 471 si
1572 446 1596 471 a
1615 433 1797 472 faciliori-

307 500 377 536 bus
408 499 457 536 ad
489 499 708 537 difficiliora
737 500 1103 548 transgrederemur,
1134 501 1236 538 viam
1267 503 1308 538 ut
1336 501 1390 539 ita
1421 501 1546 539 dicam
1577 501 1798 539 historicam

307 567 451 615 quippe
483 567 649 604 omnium
681 567 905 605 tutissimam
936 568 1157 616 relinquere
1187 580 1265 606 non
1296 569 1430 616 audeo,
1461 581 1509 607 ne
1542 569 1726 607 deerrem.

418 681 549 729 Hipp.
582 682 675 718 817.
747 681 793 718 In
834 680 978 718 Thesei
1023 681 1124 719 enim
1171 684 1285 719 cantu
1329 683 1500 731 lugubri,
1546 683 1611 730 qui
1656 684 1714 720 est
1756 682 1797 719 in

305 749 420 797 Hipp.
443 761 476 785 v.
499 749 687 797 817sqq.,
719 761 803 786 cum
835 749 882 786 de
912 749 1041 787 uxoris
1072 751 1192 787 morte
1225 750 1363 787 certior
1392 749 1518 787 factus
1549 750 1597 787 sit
1627 750 1795 798 maritus,

303 819 363 854 ter
398 816 480 853 bini
520 817 662 854 senarii
692 829 714 853 a
745 817 894 854 cantico
937 817 1142 865 separandi
1184 820 1220 855 et
1261 818 1426 855 sermoni
1465 818 1659 855 tribuendi
1699 820 1796 856 sunt.

305 882 466 932 Oportet
505 884 620 921 totius
661 884 841 922 carminis
882 885 1095 932 ingressum
1137 885 1490 932 sententiarumque
1523 885 1695 922 ordinem
1725 897 1794 922 nos

303 952 474 1000 exsequi.
558 952 699 1001 Incipit
748 952 922 990 Theseus
971 952 1107 990 dolore
1165 955 1374 990 commotus
1425 965 1447 989 a
1497 953 1679 990 brevibus
1728 964 1794 990 ex-

303 1019 608 1066 clamationibus,
641 1019 763 1058 dolori
794 1020 1016 1066 succumbit,
1056 1020 1190 1057 urbem
1232 1022 1468 1058 contestatur
1508 1032 1616 1057 suum
1647 1021 1793 1058 luctum

302 1099 488 1124 summum
519 1099 601 1125 esse
634 1088 811 1134 omnium,
843 1087 912 1125 fati
942 1088 1187 1125 invocatione
1218 1088 1332 1136 primi
1362 1099 1497 1126 versus
1527 1088 1793 1126 terminantur.

300 1155 338 1192 A
368 1154 437 1192 fati
467 1155 650 1193 memoria
680 1155 881 1193 deducitur
911 1155 959 1192 ad
1000 1156 1130 1202 verba,
1169 1167 1268 1204 quae
1300 1159 1521 1204 sequuntur,
1561 1167 1687 1204 neque
1716 1156 1792 1193 iam

300 1223 338 1258 in
378 1223 516 1260 breves
556 1225 593 1260 et
633 1223 815 1272 abruptas
854 1235 971 1261 voces
1017 1223 1176 1261 effundit
1221 1223 1409 1271 dolorem,
1456 1223 1526 1261 sed
1570 1223 1789 1261 considerat

301 1291 410 1338 quasi
442 1293 807 1339 commentaturque,
839 1303 952 1339 quam
982 1292 1199 1340 perniciose
1229 1291 1350 1329 fatum
1379 1314 1434 1318 —
1464 1294 1505 1329 ut
1533 1291 1652 1340 ipsius
1673 1292 1792 1329 verba

298 1358 456 1395 reddam
489 1384 541 1388 -—
574 1359 624 1396 ad
664 1370 703 1396 se
744 1362 781 1396 et
821 1371 941 1408 genus
983 1370 1090 1397 suum
1127 1360 1344 1407 accesserit,
1385 1361 1564 1407 quantam
1596 1360 1790 1397 maculam

300 1426 392 1464 deus
433 1427 589 1475 quidam
630 1422 833 1479 ἀλάστωρ
880 1427 1127 1476 necopinanti
1171 1427 1243 1465 sibi
1287 1428 1478 1466 inusserit.
1549 1427 1789 1476 Quamquam

298 1507 375 1531 non
415 1506 514 1542 nego
554 1496 673 1532 verba
718 1506 800 1532 esse
846 1495 1136 1542 excitatissima,
1182 1498 1311 1533 tamen
1356 1496 1547 1532 neminem
1592 1495 1677 1532 dico
1722 1495 1790 1543 qui

297 1564 442 1599 attente
473 1561 543 1600 hos
574 1574 707 1600 versus
738 1563 883 1609 recitet,
924 1562 1056 1611 sugere
1088 1563 1248 1600 multum
1278 1563 1380 1610 illos,
1422 1563 1571 1601 etiamsi
1610 1574 1788 1601 numeros

297 1630 514 1676 omittimus,
557 1630 708 1668 differre
749 1643 771 1667 a
812 1630 970 1668 vocibus
1012 1631 1212 1677 desolatis,
1256 1643 1354 1679 quae
1395 1630 1630 1669 antecedunt
1660 1633 1698 1668 et
1728 1642 1786 1669 se-

297 1701 474 1745 quuntur.
541 1699 673 1746 Pergit
709 1699 826 1736 enim:
874 1698 930 1746 „O
974 1698 1164 1736 excidium
1214 1699 1365 1747 (mirum
1405 1698 1505 1736 illud
1544 1694 1785 1746 κατακονά,

297 1765 400 1814 quod
442 1767 579 1803 mutari
621 1778 698 1803 non
740 1766 869 1815 debet)
910 1767 1028 1813 vitae,
1071 1779 1185 1815 quam
1226 1779 1304 1804 non
1344 1767 1419 1804 iam
1459 1767 1591 1804 vivere
1629 1777 1785 1815 possum

295 1833 430 1880 (liceat
469 1833 561 1871 mihi
592 1834 750 1871 verbum
781 1834 899 1872 verbo
931 1834 1110 1881 reddere,
1151 1847 1199 1872 ne
1229 1835 1382 1883 poetica
1414 1834 1590 1872 deleatur
1618 1834 1720 1882 visi),
1762 1846 1784 1871 o

295 1913 354 1937 mc
406 1902 604 1949 miserum,
665 1903 855 1939 malorum
907 1903 1103 1951 conspicio
1164 1903 1316 1939 mare!“
1394 1902 1603 1950 Hucusque
1657 1902 1785 1939 omnia

293 1980 439 2006 summa
469 1975 551 2006 arte
582 1970 731 2017 tragica
762 1971 984 2019 composita,
1017 1971 1199 2008 brevibus
1231 1970 1586 2017 exclamationibus,
1623 1971 1661 2007 et
1689 1970 1782 2006 ima-

292 2037 381 2085 gine
411 2036 577 2085 pulchra
607 2037 942 2076 vehementissime
973 2039 1088 2075 animi
1110 2050 1251 2084 eorum,
1282 2038 1346 2086 qui
1368 2037 1537 2084 audiunt,
1569 2038 1781 2075 moventur.

292 2104 390 2141 Tum
438 2116 527 2141 vero
576 2105 695 2153 ipsius
744 2105 921 2153 imaginis
970 2106 1028 2143 vis
1077 2105 1194 2143 valde
1245 2105 1475 2143 deminuitur
1523 2105 1649 2142 ieiuno
1699 2104 1780 2142 fere

291 2172 500 2218 enuntiato,
531 2172 635 2220 quod
666 2172 900 2220 adiungitur:
938 2173 1128 2221 „Tantum
1160 2175 1218 2210 est
1248 2184 1363 2219 mare,
1394 2175 1435 2209 ut
1456 2184 1580 2220 neque
1600 2183 1780 2220 umquam

290 2242 392 2276 retro
432 2237 523 2290 (hoc
563 2239 721 2277 verbum
765 2243 832 2287 est,
874 2252 952 2278 non
997 2242 1196 2288 „rursus“)
1237 2252 1285 2278 ex
1325 2252 1369 2278 eo
1410 2252 1525 2278 enare
1564 2251 1692 2288 nequo
1731 2251 1780 2277 ex

289 2306 400 2344 huius
432 2308 663 2344 calamitatis
694 2307 798 2344 unda
828 2308 971 2356 possim
993 2309 1133 2346 exire.“
1196 2309 1358 2346 Nullum
1380 2310 1456 2345 tam
1478 2309 1638 2356 longum
1660 2319 1779 2345 enun-

289 2373 421 2410 tiatum
453 2376 510 2411 est
538 2375 578 2411 in
608 2386 669 2413 vv.
703 2374 936 2413 dochmiacis
967 2388 1093 2425 neque
1134 2378 1248 2413 antea
1287 2387 1359 2413 nec
1398 2378 1534 2424 postea
1573 2377 1611 2412 et
1640 2375 1777 2412 iterum

288 2452 350 2477 res
381 2440 499 2478 facile
529 2442 770 2490 perspicitur.
834 2443 971 2490 „Quod
1000 2444 1161 2481 verbum
1190 2442 1329 2480 infelix
1366 2454 1437 2491 ego
1470 2443 1695 2490 excogitem,
1735 2444 1777 2479 ut

288 2510 429 2545 sortem
459 2511 572 2555 tuam,
605 2521 625 2545 ο
647 2521 753 2556 uxor,
784 2511 1034 2548 miserrimam
1055 2510 1325 2560 pronuntiem?
1356 2532 1411 2536 —
1440 2511 1540 2548 Nam
1570 2512 1612 2547 ut
1640 2510 1724 2547 avis
1754 2521 1775 2547 e

288 2576 460 2612 manibus
493 2577 626 2624 elapsa
657 2588 709 2624 es,
743 2578 859 2614 celeri
891 2589 1002 2615 cursu
1030 2579 1220 2626 („saltu“)
1243 2578 1292 2615 ad
1312 2576 1456 2615 inferos
1478 2576 1570 2614 mihi
1590 2576 1774 2625 profecta.

287 2663 340 2667 —
373 2642 485 2690 [Heu,
517 2639 655 2697 heu,]¹)
697 2644 831 2691 tristia,
872 2645 996 2682 tristia
1034 2646 1109 2683 ista
1148 2646 1267 2683 mala!
1327 2644 1554 2693 Antiquitus
1594 2643 1775 2681 alicunde

401 2752 426 2795 ¹)
451 2751 505 2785 Cf.
532 2761 638 2795 supra
662 2763 696 2795 p.
717 2755 769 2786 56.
