<?xml version="1.0" encoding="UTF-8"?>
<!DOCTYPE html PUBLIC "-//W3C//DTD XHTML 1.0 Transitional//EN"
    "http://www.w3.org/TR/xhtml1/DTD/xhtml1-transitional.dtd">
<html xmlns="http://www.w3.org/1999/xhtml" xml:lang="en" lang="en">
 <head>
  <title>
</title>
<meta http-equiv="Content-Type" content="text/html;charset=utf-8" />
  <meta name='ocr-system' content='tesseract 3.04.00' />
  <meta name='ocr-capabilities' content='ocr_page ocr_carea ocr_par ocr_line ocrx_word'/>
</head>
<body>
  <div class='ocr_page' id='page_1' title='image "./novastudiaeuripi00lohmuoft_0115.png"; bbox 0 0 1961 3179; ppageno 0'>
   <div class='ocr_carea' id='block_1_1' title="bbox 201 177 1693 234">
    <p class='ocr_par' dir='ltr' id='par_1_1' title="bbox 201 177 1693 234">
     <span class='ocr_line' id='line_1_1' title="bbox 201 177 1693 234; baseline 0.001 -13"><span class='ocrx_word' id='word_1_1' title='bbox 201 177 312 234; x_wconf 88' lang='lat'>[103]</span> <span class='ocrx_word' id='word_1_2' title='bbox 1612 185 1693 222; x_wconf 87' lang='lat'>407</span> 
     </span>
    </p>
   </div>
   <div class='ocr_carea' id='block_1_2' title="bbox 196 295 1696 539">
    <p class='ocr_par' dir='ltr' id='par_1_2' title="bbox 196 295 1696 539">
     <span class='ocr_line' id='line_1_2' title="bbox 311 295 1693 346; baseline 0.001 -12"><span class='ocrx_word' id='word_1_3' title='bbox 311 295 473 337; x_wconf 82' lang='lat' dir='ltr'>Bacch.</span> <span class='ocrx_word' id='word_1_4' title='bbox 509 297 626 334; x_wconf 87' lang='lat'>1017.</span> <span class='ocrx_word' id='word_1_5' title='bbox 692 297 877 335; x_wconf 86' lang='lat' dir='ltr'>Ultimam</span> <span class='ocrx_word' id='word_1_6' title='bbox 918 300 1196 346; x_wconf 73' lang='lat' dir='ltr'>pertractemus</span> <span class='ocrx_word' id='word_1_7' title='bbox 1227 298 1469 336; x_wconf 76' lang='lat' dir='ltr'>Baccharum</span> <span class='ocrx_word' id='word_1_8' title='bbox 1511 298 1693 335; x_wconf 73' lang='lat' dir='ltr'>fabuiam.</span> 
     </span>
     <span class='ocr_line' id='line_1_3' title="bbox 196 364 1696 415; baseline 0.001 -13"><span class='ocrx_word' id='word_1_9' title='bbox 196 366 296 403; x_wconf 82' lang='lat' dir='ltr'>Tres</span> <span class='ocrx_word' id='word_1_10' title='bbox 346 366 436 404; x_wconf 81' lang='lat' dir='ltr'><strong>sunt</strong></span> <span class='ocrx_word' id='word_1_11' title='bbox 485 364 623 402; x_wconf 80' lang='lat' dir='ltr'>breves</span> <span class='ocrx_word' id='word_1_12' title='bbox 673 367 802 413; x_wconf 72' lang='lat' dir='ltr'>partes</span> <span class='ocrx_word' id='word_1_13' title='bbox 852 366 1019 413; x_wconf 80' lang='lat' dir='ltr'>solutae,</span> <span class='ocrx_word' id='word_1_14' title='bbox 1065 378 1224 414; x_wconf 80' lang='lat' dir='ltr'>quarum</span> <span class='ocrx_word' id='word_1_15' title='bbox 1270 367 1392 415; x_wconf 84' lang='lat' dir='ltr'>prima</span> <span class='ocrx_word' id='word_1_16' title='bbox 1441 366 1588 414; x_wconf 83' lang='lat' dir='ltr'>epodus</span> <span class='ocrx_word' id='word_1_17' title='bbox 1639 368 1696 403; x_wconf 83' lang='lat' dir='ltr'>est</span> 
     </span>
     <span class='ocr_line' id='line_1_4' title="bbox 198 431 1692 483; baseline 0.001 -13"><span class='ocrx_word' id='word_1_18' title='bbox 198 432 305 470; x_wconf 90' lang='lat' dir='ltr'>chori</span> <span class='ocrx_word' id='word_1_19' title='bbox 345 433 485 471; x_wconf 85' lang='lat' dir='ltr'>cantici</span> <span class='ocrx_word' id='word_1_20' title='bbox 527 431 617 469; x_wconf 87' lang='lat' dir='ltr'>inde</span> <span class='ocrx_word' id='word_1_21' title='bbox 649 445 672 469; x_wconf 82' lang='lat' dir='ltr'>a</span> <span class='ocrx_word' id='word_1_22' title='bbox 705 433 882 472; x_wconf 80' lang='lat' dir='ltr'>v.1017.</span> <span class='ocrx_word' id='word_1_23' title='bbox 941 434 1094 471; x_wconf 78' lang='lat' dir='ltr'>Initium</span> <span class='ocrx_word' id='word_1_24' title='bbox 1136 434 1229 472; x_wconf 80' lang='lat' dir='ltr'>facit</span> <span class='ocrx_word' id='word_1_25' title='bbox 1258 434 1510 483; x_wconf 77' lang='lat' dir='ltr'>iambelegus,</span> <span class='ocrx_word' id='word_1_26' title='bbox 1551 433 1692 471; x_wconf 80' lang='lat' dir='ltr'>deinde</span> 
     </span>
     <span class='ocr_line' id='line_1_5' title="bbox 196 500 311 539; baseline 0 0"><span class='ocrx_word' id='word_1_27' title='bbox 196 500 311 539; x_wconf 85' lang='lat' dir='ltr'>haec:</span> 
     </span>
    </p>
   </div>
   <div class='ocr_carea' id='block_1_3' title="bbox 907 718 976 755">
    <p class='ocr_par' dir='ltr' id='par_1_3' title="bbox 907 718 976 755">
     <span class='ocr_line' id='line_1_6' title="bbox 907 718 976 755; baseline 0 0"><span class='ocrx_word' id='word_1_28' title='bbox 907 718 976 755; x_wconf 85' lang='lat' dir='ltr'>3b</span> 
     </span>
    </p>
   </div>
   <div class='ocr_carea' id='block_1_4' title="bbox 852 1021 1170 1034">
    <p class='ocr_par' dir='ltr' id='par_1_4' title="bbox 852 1021 1170 1034">
     <span class='ocr_line' id='line_1_7' title="bbox 852 1021 1170 1034; baseline 0 0"><span class='ocrx_word' id='word_1_29' title='bbox 852 1021 1170 1034; x_wconf 47' lang='lat' dir='ltr'>QQQQQQQQ</span> 
     </span>
    </p>
   </div>
   <div class='ocr_carea' id='block_1_5' title="bbox 875 1083 995 1131">
    <p class='ocr_par' dir='ltr' id='par_1_5' title="bbox 875 1083 995 1131">
     <span class='ocr_line' id='line_1_8' title="bbox 875 1083 995 1131; baseline 0.008 -11"><span class='ocrx_word' id='word_1_30' title='bbox 875 1083 995 1131; x_wconf 80' lang='lat' dir='ltr'>ab¹)</span> 
     </span>
    </p>
   </div>
   <div class='ocr_carea' id='block_1_6' title="bbox 191 1230 1690 1483">
    <p class='ocr_par' dir='ltr' id='par_1_6' title="bbox 191 1230 1690 1483">
     <span class='ocr_line' id='line_1_9' title="bbox 307 1230 1690 1279; baseline 0 -12"><span class='ocrx_word' id='word_1_31' title='bbox 307 1230 470 1268; x_wconf 78' lang='lat' dir='ltr'>Bacch.</span> <span class='ocrx_word' id='word_1_32' title='bbox 507 1232 624 1268; x_wconf 75' lang='lat'>1034.</span> <span class='ocrx_word' id='word_1_33' title='bbox 687 1232 823 1268; x_wconf 79' lang='lat' dir='ltr'>Altera</span> <span class='ocrx_word' id='word_1_34' title='bbox 855 1230 1025 1269; x_wconf 81' lang='lat' dir='ltr'>eiusdem</span> <span class='ocrx_word' id='word_1_35' title='bbox 1056 1230 1162 1268; x_wconf 87' lang='lat' dir='ltr'>chori</span> <span class='ocrx_word' id='word_1_36' title='bbox 1196 1233 1252 1268; x_wconf 81' lang='lat' dir='ltr'>est</span> <span class='ocrx_word' id='word_1_37' title='bbox 1283 1232 1419 1279; x_wconf 49' lang='grc' dir='ltr'>[Νη-ψ)</span> <span class='ocrx_word' id='word_1_38' title='bbox 1452 1242 1550 1278; x_wconf 80' lang='lat' dir='ltr'>quae</span> <span class='ocrx_word' id='word_1_39' title='bbox 1573 1231 1690 1279; x_wconf 80' lang='lat' dir='ltr'>paulo</span> 
     </span>
     <span class='ocr_line' id='line_1_10' title="bbox 191 1299 498 1348; baseline 0 -13"><span class='ocrx_word' id='word_1_40' title='bbox 191 1301 281 1348; x_wconf 76' lang='lat' dir='ltr'>post</span> <span class='ocrx_word' id='word_1_41' title='bbox 311 1299 498 1347; x_wconf 74' lang='lat' dir='ltr'>sequitur:</span> 
     </span>
     <span class='ocr_line' id='line_1_11' title="bbox 956 1367 979 1404; baseline 0.087 -2"><span class='ocrx_word' id='word_1_42' title='bbox 956 1367 979 1404; x_wconf 80' lang='lat' dir='ltr'>b</span> 
     </span>
     <span class='ocr_line' id='line_1_12' title="bbox 905 1448 993 1483; baseline 0 0"><span class='ocrx_word' id='word_1_43' title='bbox 905 1448 928 1483; x_wconf 87' lang='lat'><strong>3</strong></span> <span class='ocrx_word' id='word_1_44' title='bbox 960 1459 993 1483; x_wconf 84' lang='lat' dir='ltr'>a.</span> 
     </span>
    </p>
   </div>
   <div class='ocr_carea' id='block_1_7' title="bbox 191 1548 1690 1804">
    <p class='ocr_par' dir='ltr' id='par_1_7' title="bbox 191 1548 1690 1804">
     <span class='ocr_line' id='line_1_13' title="bbox 192 1548 1690 1598; baseline -0.001 -12"><span class='ocrx_word' id='word_1_45' title='bbox 192 1548 384 1587; x_wconf 82' lang='lat' dir='ltr'>Cohaeret</span> <span class='ocrx_word' id='word_1_46' title='bbox 413 1549 530 1597; x_wconf 81' lang='lat' dir='ltr'>igitur</span> <span class='ocrx_word' id='word_1_47' title='bbox 561 1561 645 1587; x_wconf 90' lang='lat' dir='ltr'>cum</span> <span class='ocrx_word' id='word_1_48' title='bbox 677 1549 817 1598; x_wconf 80' lang='lat' dir='ltr'>priore.</span> <span class='ocrx_word' id='word_1_49' title='bbox 877 1548 1030 1586; x_wconf 78' lang='lat' dir='ltr'><strong>Deinde</strong></span> <span class='ocrx_word' id='word_1_50' title='bbox 1073 1550 1253 1586; x_wconf 76' lang='lat' dir='ltr'>lacunam</span> <span class='ocrx_word' id='word_1_51' title='bbox 1297 1560 1382 1586; x_wconf 78' lang='lat' dir='ltr'>esse</span> <span class='ocrx_word' id='word_1_52' title='bbox 1424 1551 1690 1596; x_wconf 78' lang='lat' dir='ltr'>cognoverunt</span> 
     </span>
     <span class='ocr_line' id='line_1_14' title="bbox 191 1615 1689 1655; baseline -0.001 -1"><span class='ocrx_word' id='word_1_53' title='bbox 191 1616 409 1655; x_wconf 84' lang='lat' dir='ltr'>Brunckius</span> <span class='ocrx_word' id='word_1_54' title='bbox 446 1619 483 1654; x_wconf 83' lang='lat' dir='ltr'>ct</span> <span class='ocrx_word' id='word_1_55' title='bbox 514 1617 632 1654; x_wconf 85' lang='lat' dir='ltr'>Seidl.</span> <span class='ocrx_word' id='word_1_56' title='bbox 698 1616 937 1654; x_wconf 80' lang='lat' dir='ltr'>Exciderunt</span> <span class='ocrx_word' id='word_1_57' title='bbox 979 1616 1054 1653; x_wconf 89' lang='lat' dir='ltr'>duo</span> <span class='ocrx_word' id='word_1_58' title='bbox 1095 1617 1218 1653; x_wconf 87' lang='lat' dir='ltr'>nuntii</span> <span class='ocrx_word' id='word_1_59' title='bbox 1259 1616 1355 1653; x_wconf 73' lang='lat' dir='ltr'>irim.</span> <span class='ocrx_word' id='word_1_60' title='bbox 1415 1616 1541 1652; x_wconf 81' lang='lat' dir='ltr'>Etiam</span> <span class='ocrx_word' id='word_1_61' title='bbox 1582 1615 1689 1653; x_wconf 85' lang='lat' dir='ltr'>chori</span> 
     </span>
     <span class='ocr_line' id='line_1_15' title="bbox 191 1683 1689 1734; baseline -0.001 -12"><span class='ocrx_word' id='word_1_62' title='bbox 191 1685 311 1722; x_wconf 79' lang='lat' dir='ltr'>verba</span> <span class='ocrx_word' id='word_1_63' title='bbox 343 1696 425 1733; x_wconf 74' lang='lat' dir='ltr'>sqq.</span> <span class='ocrx_word' id='word_1_64' title='bbox 457 1688 637 1734; x_wconf 69' lang='lat' dir='ltr'>corrupta</span> <span class='ocrx_word' id='word_1_65' title='bbox 677 1688 776 1722; x_wconf 77' lang='lat' dir='ltr'>sunt.</span> <span class='ocrx_word' id='word_1_66' title='bbox 836 1684 1015 1722; x_wconf 89' lang='lat' dir='ltr'>Dochmii</span> <span class='ocrx_word' id='word_1_67' title='bbox 1056 1686 1121 1721; x_wconf 83' lang='lat' dir='ltr'>vix</span> <span class='ocrx_word' id='word_1_68' title='bbox 1161 1684 1325 1721; x_wconf 79' lang='lat' dir='ltr'>fuerunt.</span> <span class='ocrx_word' id='word_1_69' title='bbox 1385 1683 1594 1721; x_wconf 78' lang='lat' dir='ltr'>Probabile</span> <span class='ocrx_word' id='word_1_70' title='bbox 1632 1687 1689 1721; x_wconf 81' lang='lat' dir='ltr'>est</span> 
     </span>
     <span class='ocr_line' id='line_1_16' title="bbox 191 1745 1630 1804; baseline -0.001 -14"><span class='ocrx_word' id='word_1_71' title='bbox 191 1756 364 1802; x_wconf 85' lang='lat' dir='ltr'>metrum,</span> <span class='ocrx_word' id='word_1_72' title='bbox 396 1754 428 1790; x_wconf 83' lang='lat' dir='ltr'>si</span> <span class='ocrx_word' id='word_1_73' title='bbox 460 1747 830 1794; x_wconf 62' lang='lat' dir='ltr'>013&lt;u&gt;scribimus</span> <span class='ocrx_word' id='word_1_74' title='bbox 863 1755 900 1790; x_wconf 80' lang='lat' dir='ltr'>et</span> <span class='ocrx_word' id='word_1_75' title='bbox 931 1745 1037 1804; x_wconf 77' lang='grc' dir='ltr'>ἐμόν</span> <span class='ocrx_word' id='word_1_76' title='bbox 1068 1753 1107 1789; x_wconf 89' lang='lat' dir='ltr'>in</span> <span class='ocrx_word' id='word_1_77' title='bbox 1139 1752 1212 1790; x_wconf 86' lang='lat' dir='ltr'>fine</span> <span class='ocrx_word' id='word_1_78' title='bbox 1243 1752 1409 1801; x_wconf 79' lang='lat' dir='ltr'>positum</span> <span class='ocrx_word' id='word_1_79' title='bbox 1440 1751 1630 1789; x_wconf 74' lang='lat' dir='ltr'>delemus:</span> 
     </span>
    </p>
   </div>
   <div class='ocr_carea' id='block_1_8' title="bbox 361 1854 1161 2190">
    <p class='ocr_par' dir='ltr' id='par_1_8' title="bbox 361 1854 1161 2190">
     <span class='ocr_line' id='line_1_17' title="bbox 719 1854 1161 1885; baseline -0.002 -9"><span class='ocrx_word' id='word_1_80' title='bbox 719 1854 1161 1885; x_wconf 33' lang='lat' dir='ltr'>vi-viwvfflv</span> 
     </span>
     <span class='ocr_line' id='line_1_18' title="bbox 361 1993 980 2030; baseline 0 0"><span class='ocrx_word' id='word_1_81' title='bbox 361 1993 478 2030; x_wconf 82' lang='lat'>1041.</span> <span class='ocrx_word' id='word_1_82' title='bbox 901 1994 924 2030; x_wconf 80' lang='grc'>2</span> <span class='ocrx_word' id='word_1_83' title='bbox 957 2006 980 2030; x_wconf 84' lang='lat' dir='ltr'>a</span> 
     </span>
     <span class='ocr_line' id='line_1_19' title="bbox 797 2091 1080 2106; baseline -0.007 -4"><span class='ocrx_word' id='word_1_84' title='bbox 797 2091 1080 2106; x_wconf 24' lang='lat' dir='ltr'>vvvvvv</span> 
     </span>
     <span class='ocr_line' id='line_1_20' title="bbox 953 2153 977 2190; baseline 0 0"><span class='ocrx_word' id='word_1_85' title='bbox 953 2153 977 2190; x_wconf 92' lang='lat' dir='ltr'>b</span> 
     </span>
    </p>
   </div>
   <div class='ocr_carea' id='block_1_9' title="bbox 190 2243 812 2283">
    <p class='ocr_par' dir='ltr' id='par_1_9' title="bbox 190 2243 812 2283">
     <span class='ocr_line' id='line_1_21' title="bbox 190 2243 812 2283; baseline 0 -1"><span class='ocrx_word' id='word_1_86' title='bbox 190 2243 254 2282; x_wconf 85' lang='lat' dir='ltr'>Sic</span> <span class='ocrx_word' id='word_1_87' title='bbox 285 2243 409 2281; x_wconf 83' lang='lat' dir='ltr'>exitus</span> <span class='ocrx_word' id='word_1_88' title='bbox 439 2243 541 2281; x_wconf 82' lang='lat' dir='ltr'>redit</span> <span class='ocrx_word' id='word_1_89' title='bbox 571 2243 621 2280; x_wconf 82' lang='lat' dir='ltr'>ad</span> <span class='ocrx_word' id='word_1_90' title='bbox 652 2244 812 2283; x_wconf 86' lang='lat' dir='ltr'>initium.</span> 
     </span>
    </p>
   </div>
   <div class='ocr_carea' id='block_1_10' title="bbox 190 2390 1686 2509">
    <p class='ocr_par' dir='ltr' id='par_1_10' title="bbox 190 2390 1686 2509">
     <span class='ocr_line' id='line_1_22' title="bbox 304 2390 1686 2439; baseline -0.001 -10"><span class='ocrx_word' id='word_1_91' title='bbox 304 2390 471 2429; x_wconf 82' lang='lat' dir='ltr'>Bacch.</span> <span class='ocrx_word' id='word_1_92' title='bbox 507 2392 622 2429; x_wconf 85' lang='lat'>1153.</span> <span class='ocrx_word' id='word_1_93' title='bbox 692 2391 809 2430; x_wconf 86' lang='lat' dir='ltr'>Chori</span> <span class='ocrx_word' id='word_1_94' title='bbox 850 2393 988 2430; x_wconf 84' lang='lat' dir='ltr'>iterum</span> <span class='ocrx_word' id='word_1_95' title='bbox 1029 2392 1220 2429; x_wconf 83' lang='lat' dir='ltr'>canticum</span> <span class='ocrx_word' id='word_1_96' title='bbox 1260 2391 1396 2439; x_wconf 75' lang='lat' dir='ltr'>incipit</span> <span class='ocrx_word' id='word_1_97' title='bbox 1435 2403 1457 2428; x_wconf 86' lang='lat' dir='ltr'>a</span> <span class='ocrx_word' id='word_1_98' title='bbox 1497 2403 1532 2428; x_wconf 93' lang='lat' dir='ltr'>v.</span> <span class='ocrx_word' id='word_1_99' title='bbox 1569 2390 1686 2428; x_wconf 84' lang='lat'>1153.</span> 
     </span>
     <span class='ocr_line' id='line_1_23' title="bbox 190 2459 1210 2509; baseline 0 -13"><span class='ocrx_word' id='word_1_100' title='bbox 190 2459 413 2496; x_wconf 87' lang='lat' dir='ltr'>Lectionem</span> <span class='ocrx_word' id='word_1_101' title='bbox 445 2471 578 2498; x_wconf 83' lang='lat' dir='ltr'>sanam</span> <span class='ocrx_word' id='word_1_102' title='bbox 609 2470 693 2497; x_wconf 86' lang='lat' dir='ltr'>esse</span> <span class='ocrx_word' id='word_1_103' title='bbox 722 2462 827 2509; x_wconf 85' lang='lat' dir='ltr'>puto,</span> <span class='ocrx_word' id='word_1_104' title='bbox 857 2460 1007 2497; x_wconf 88' lang='lat' dir='ltr'>numeri</span> <span class='ocrx_word' id='word_1_105' title='bbox 1037 2459 1077 2496; x_wconf 90' lang='lat' dir='ltr'>hi</span> <span class='ocrx_word' id='word_1_106' title='bbox 1107 2462 1210 2496; x_wconf 83' lang='lat' dir='ltr'><strong>sunt:</strong></span> 
     </span>
    </p>
   </div>
   <div class='ocr_carea' id='block_1_11' title="bbox 682 2575 705 2600">
    <p class='ocr_par' dir='ltr' id='par_1_11' title="bbox 682 2575 705 2600">
     <span class='ocr_line' id='line_1_24' title="bbox 682 2575 705 2600; baseline 0 0"><span class='ocrx_word' id='word_1_107' title='bbox 682 2575 705 2600; x_wconf 78' lang='lat' dir='ltr'>a</span> 
     </span>
    </p>
   </div>
   <div class='ocr_carea' id='block_1_12' title="bbox 621 2660 746 2673">
    <p class='ocr_par' dir='ltr' id='par_1_12' title="bbox 621 2660 746 2673">
     <span class='ocr_line' id='line_1_25' title="bbox 621 2660 746 2673; baseline 0 -5"><span class='ocrx_word' id='word_1_108' title='bbox 621 2660 746 2673; x_wconf 50' lang='grc' dir='ltr'>,ψ-</span> 
     </span>
    </p>
   </div>
   <div class='ocr_carea' id='block_1_13' title="bbox 277 2722 399 2724">
    <p class='ocr_par' dir='ltr' id='par_1_13' title="bbox 277 2722 399 2724">
     <span class='ocr_line' id='line_1_26' title="bbox 277 2722 399 2724; baseline 0 0"><span class='ocrx_word' id='word_1_109' title='bbox 277 2722 399 2724; x_wconf 95' lang='lat' dir='ltr'> </span> 
     </span>
    </p>
   </div>
   <div class='ocr_carea' id='block_1_14' title="bbox 306 2770 1203 2878">
    <p class='ocr_par' dir='ltr' id='par_1_14' title="bbox 306 2770 1203 2878">
     <span class='ocr_line' id='line_1_27' title="bbox 306 2770 676 2817; baseline 0 -9"><span class='ocrx_word' id='word_1_110' title='bbox 306 2774 334 2817; x_wconf 81' lang='lat'>¹)</span> <span class='ocrx_word' id='word_1_111' title='bbox 359 2770 395 2814; x_wconf 78' lang='grc' dir='ltr'>ἐς</span> <span class='ocrx_word' id='word_1_112' title='bbox 420 2773 504 2808; x_wconf 84' lang='lat' dir='ltr'>add.</span> <span class='ocrx_word' id='word_1_113' title='bbox 531 2773 676 2808; x_wconf 87' lang='lat' dir='ltr'>Kirchh.</span> 
     </span>
     <span class='ocr_line' id='line_1_28' title="bbox 306 2830 1203 2878; baseline 0.003 -14"><span class='ocrx_word' id='word_1_114' title='bbox 306 2830 334 2874; x_wconf 74' lang='grc'>2)</span> <span class='ocrx_word' id='word_1_115' title='bbox 362 2841 395 2865; x_wconf 92' lang='lat' dir='ltr'>v.</span> <span class='ocrx_word' id='word_1_116' title='bbox 419 2833 498 2865; x_wconf 83' lang='lat'>1031</span> <span class='ocrx_word' id='word_1_117' title='bbox 529 2830 665 2876; x_wconf 87' lang='lat' dir='ltr'>quippe</span> <span class='ocrx_word' id='word_1_118' title='bbox 690 2834 898 2877; x_wconf 81' lang='lat' dir='ltr'>corruptum</span> <span class='ocrx_word' id='word_1_119' title='bbox 923 2842 995 2867; x_wconf 91' lang='lat' dir='ltr'>non</span> <span class='ocrx_word' id='word_1_120' title='bbox 1019 2832 1203 2878; x_wconf 73' lang='lat' dir='ltr'>exscripsi.</span> 
     </span>
    </p>
   </div>
  </div>
 </body>
</html>
