1961 3179
274 199 355 235 360
1675 197 1762 250 [56]

274 312 397 349 Unam
430 323 622 359 quamque
653 310 898 359 periodorum
929 315 1035 350 certa
1065 313 1202 361 regula
1233 315 1394 361 apparet
1429 313 1482 350 ita
1513 312 1762 361 compositam

275 389 369 425 esse,
400 381 441 415 ut
472 379 724 427 congruentia
754 379 945 426 quaedam
975 381 1136 418 eveniat.
1198 381 1405 418 Praeterea
1439 381 1479 417 in
1509 379 1583 418 hoc
1613 380 1762 418 cantico

275 457 422 483 summa
452 448 534 483 arte
566 448 786 483 constructo
818 447 933 484 etiam
963 447 1101 485 breves
1131 459 1416 496 nonnumquam
1448 448 1533 497 pari
1563 447 1676 486 modo
1698 450 1764 485 aut

271 524 391 562 purae
422 516 487 550 aut
516 513 729 562 productae
759 517 856 561 sunt,
903 514 949 552 cf.
981 515 1009 562 Ι,
1041 516 1076 563 2,
1099 515 1134 562 4,
1158 515 1193 552 5.
1233 515 1281 562 ΙΙ,
1317 517 1348 563 1,
1370 516 1406 563 4,
1429 517 1464 554 5.
1504 516 1572 563 111,
1606 516 1640 563 1,
1662 516 1698 563 2,
1720 516 1762 562 33

272 582 308 628 4,
331 582 365 620 5.
407 582 472 629 IV,
510 583 540 628 1,
564 583 598 618 2.
658 582 794 619 Finem
825 581 919 620 facit-
949 583 1166 621 interiectio
1196 595 1301 621 mera
1331 583 1452 622 forma
1483 597 1505 621 a
1535 583 1678 622 addita.

383 718 515 766 Hipp.
548 716 640 756 811.
701 718 836 755 Facile
867 719 980 755 etiam
1022 718 1127 756 chori
1170 719 1418 756 cantiuncula
1458 720 1586 757 soluta
1619 719 1710 757 inde
1739 731 1763 756 a

269 797 303 821 v.
333 785 411 821 811
454 785 695 834 perspicitur.
764 786 918 822 Initium
962 785 1056 823 facit
1096 787 1232 823 iterum
1274 786 1441 824 doehmii
1480 786 1603 825 forma
1642 799 1665 824 a
1703 789 1762 824 ter

268 853 417 899 iterata,
450 863 544 900 quos
575 864 709 890 versus
740 853 912 891 senarius
943 855 1127 902 sequitur,
1159 854 1198 890 in
1229 853 1354 891 medio
1381 854 1510 902 posuit
1529 856 1644 903 poeta
1665 854 1760 891 duos

268 919 473 958 -dochmios
505 920 650 958 formae
681 921 716 958 b.
776 921 908 959 Finem
942 920 1103 959 faciunt:

854 1013 921 1049 ab

884 1091 904 1116 ο
981 1079 1216 1128 (ψυχῇ)

856 1147 922 1185 ab

379 1282 512 1331 Hipp.
545 1283 638 1319 817.
698 1282 810 1328 Quod
843 1282 950 1320 chori
981 1283 1172 1320 canticum
1194 1283 1338 1321 Thesei
1368 1283 1549 1321 monodia
1578 1285 1760 1332 sequitur,

267 1361 365 1397 quae
396 1350 516 1398 plane
547 1351 758 1387 solutorum
802 1350 1012 1388 carminum
1052 1351 1202 1388 ratione
1235 1354 1455 1389 constructa
1486 1355 1543 1389 est
1573 1355 1611 1389 et
1640 1364 1760 1401 prope

266 1417 418 1455 accedit
460 1417 509 1454 ad
541 1429 624 1455 eam
655 1420 815 1466 partem,
858 1430 973 1467 quam
1009 1419 1170 1467 primam
1201 1419 1453 1457 tractavimus
1484 1420 1535 1468 (v.
1558 1420 1635 1457 571
1651 1419 1761 1469 sqq.).

266 1485 585 1523 Wilamowitzius
626 1489 731 1523 recte
767 1487 807 1523 in
837 1498 871 1523 v.
894 1486 975 1523 830
1005 1486 1125 1523 verba
1155 1483 1248 1525 αἰαῖ
1278 1484 1371 1525 αἰαῖ
1408 1486 1564 1535 delevit⁷
1595 1485 1760 1525 Weilius

266 1551 312 1592 δὲ
333 1554 585 1602 transposuit:
616 1546 860 1605 πρόσωθεν
880 1545 1045 1592 ποθἐιῗ
1065 1551 1107 1592 <5³
1127 1554 1231 1602 (libri
1251 1550 1497 1605 πρόσωθεν
1518 1553 1565 1594 δέ
1584 1556 1759 1604 ποθεν).

268 1621 503 1668 Ceteroquin
525 1620 720 1669 stropham
743 1633 875 1658 sanam
897 1632 980 1659 esse
1001 1624 1106 1670 puto.
1166 1622 1357 1660 Gravibus
1380 1625 1506 1660 autem
1529 1623 1760 1672 corruptelis

267 1689 421 1726 laborat
451 1689 613 1727 antist1·.:

607 1772 658 1818 τὸ
689 1775 802 1818 κατὰ
833 1779 909 1832 γᾶς
940 1778 1077 1828 θέλω,
1108 1775 1159 1820 τὸ
1193 1776 1305 1820 κατὰ
1335 1779 1414 1832 γᾶς
1444 1778 1611 1831 κνέφας

602 1853 822 1899 μετοικεῖν
854 1844 1001 1901 σκότῳ
1031 1848 1192 1888 θανών
1224 1841 1247 1888 ὁ
1279 1844 1474 1900 τλάμων,

605 1915 682 1969 τῆς
714 1915 789 1970 σῆς
820 1915 1049 1969 στερηθεὶς
1079 1912 1295 1970 φιλτάτης
1325 1909 1508 1969 ὁμιλίας.

602 1978 833 2030 απώλεσας
863 1979 945 2035 γὰρ
975 1983 1148 2035 μᾶλλον
1178 1999 1204 2037 η
1235 1982 1496 2034 κατέφθισο.

467 2052 559 2088 840.
671 2049 772 2090 τίνα
804 2047 927 2091 κλύω
957 2047 1094 2103 τύχαν
1124 2048 1399 2104 θανάσιμον,·
1429 2047 1578 2092 πόθεν
1580 2053 1626 2101 ,¹)

671 2112 815 2170 γύναι,
847 2115 928 2159 σὰν
960 2114 1037 2168 ἔβα
1062 2151 1068 2158 .
1093 2151 1099 2158 .
1126 2121 1189 2169 ,2)
1220 2118 1429 2171 καρδίαν,·

601 2184 718 2226 είποι
749 2201 813 2234 τις
846 2180 901 2226 ἂν
930 2182 982 2227 τὸ
1013 2185 1228 2239 πραχθέν,
1259 2202 1285 2241 η
1314 2183 1457 2240 μάτην
1490 2180 1625 2239 ὄχλον

605 2253 747 2307 στέγει
778 2246 1005 2307 τύραννον
1037 2253 1160 2308 δῶμα
1190 2251 1466 2307 προσπόλων
1496 2252 1635 2308 ἐμῶν,-

805 2316 919 2375 (ὄμοι
952 2323 1077 2375 [μοι]
1102 2355 1108 2362 .
1136 2355 1141 2361 .
1166 2355 1173 2362 .
1197 2354 1204 2361 .
1226 2324 1258 2372 ³)
1289 2321 1423 2363 σέθεν

377 2434 402 2474 ¹)
427 2432 486 2467 Sic
502 2431 607 2468 facile
626 2433 804 2467 sententia
821 2436 989 2477 corrupta
1004 2433 1207 2467 restituitur
1224 2436 1332 2477 atque
1349 2433 1465 2477 miror⁷
1485 2433 1585 2478 quod
1598 2433 1756 2469 editores

262 2498 338 2523 eam
365 2489 580 2524 emendandi
605 2489 699 2524 viam
724 2489 880 2524 nondum
915 2490 1069 2534 ingressi
1092 2493 1184 2524 sunt.
1234 2489 1502 2524 Wilamowitzii
1534 2490 1755 2525 coniectura:

263 2545 343 2578 τίνα
367 2541 470 2579 κλύω
489 2541 623 2589 fvj-zar,¹
646 2542 766 2580 πόθει·
784 2541 996 2589 θανάσιμος
1014 2550 1050 2580 et
1068 2545 1258 2581 verborum
1276 2546 1406 2581 fluctus
1423 2546 1623 2581 retardatur
1638 2556 1755 2592 neque

262 2601 430 2645 strophae
456 2603 645 2646 responsio
671 2603 882 2637 restituitur.

376 2659 403 2702 ²)
430 2654 587 2692 τάλαινα
622 2660 720 2702 (ante
746 2655 831 2704 ἔβα)
862 2660 1028 2703 interpol.
1057 2661 1199 2694 Lac-una
1232 2660 1415 2704 quomodo
1449 2660 1672 2704 suppleatur,
1705 2660 1755 2694 in-

266 2718 404 2749 certum
430 2719 494 2749 est.

372 2772 401 2815 3)
428 2771 570 2806 Weckl.
596 2776 694 2807 recte
719 2772 795 2806 fere
821 2773 995 2806 coniecit:
1022 2768 1116 2814 ὦμοι
1145 2768 1216 2816 13γώ
1242 2768 1365 2813 τάλας,
1398 2768 1491 2815 ὦμοι
1530 2768 1601 2817 1370)
1634 2771 1752 2816 σέθεν,

260 2836 475 2871 quamquam
502 2838 625 2861 omnes
652 2837 715 2862 eae
741 2829 968 2862 coniecturae
993 2828 1186 2862 admodum
1212 2829 1367 2863 incertae
1391 2832 1482 2863 sunt.
