1961 3179
205 157 259 211 [9]
1620 156 1700 193 313

542 272 783 311 θεοκλυτεῑ
813 262 852 310 δ’
882 264 1010 310 ἄδικα
1041 270 1199 309 παθοῦ
1231 292 1286 298 -

611 348 665 379 σα
678 339 706 388 ¹)
737 333 878 392 Ζηνὸς
909 335 1066 391 ὁρκίαυ
1099 336 1247 390 Θέμιν,
1279 331 1305 378 ἅ
1339 351 1410 377 mv
1442 332 1596 387 ἕβασεν

409 408 500 445 210.
741 399 908 446 Ἑλλάδ’
940 402 981 453 ἐς
1013 398 1260 458 ἀντίπορον

545 466 600 515 δι’
633 467 716 514 ἅλα
745 469 904 526 μύχιον
936 466 1003 524 ἐφ’
1036 469 1236 526 ἁλμυρὰν

745 538 920 583 πόντου
952 534 1076 595 aest-376²
1106 535 1372 596 ἀπέραντον.

410 785 502 823 205.
567 780 1046 814 υ-υψυΙψυψυυψ

567 1078 807 1092 υυυυυψ
841 1077 1012 1092 υ--υ-

975 1133 1326 1147 ---------

317 1232 458 1281 Incipit
487 1232 604 1280 igitur
634 1230 784 1280 epodus
814 1244 837 1268 a
867 1231 1038 1268 trimetro
1068 1229 1245 1276 iambico,
1277 1229 1342 1278 qui
1372 1240 1451 1266 non
1481 1228 1610 1275 habet,
1643 1229 1703 1266 cui

204 1299 449 1349 respondeat,
489 1303 531 1337 ut
567 1300 721 1348 saepius
753 1302 790 1337 et
820 1300 860 1336 in
889 1299 998 1336 initio
1030 1301 1068 1336 et
1097 1299 1136 1335 in
1166 1298 1242 1336 fine
1272 1297 1323 1335 fit.
1382 1298 1541 1346 Reliqui
1571 1309 1705 1335 versus

203 1369 446 1418 perspicuam
497 1367 642 1406 habent
687 1368 996 1417 responsionem:
1049 1367 1254 1415 enhoplius
1304 1368 1342 1403 et
1391 1366 1521 1404 brevis
1571 1377 1704 1404 versus

203 1437 474 1486 anapaesticus
513 1436 572 1474 bis
613 1424 741 1486 positi¹
763 1438 861 1483 sunt,
903 1435 1086 1473 dimetrus
1126 1435 1312 1472 iambicus
1343 1436 1402 1472 ter
1431 1435 1600 1472 iteratus.
1660 1435 1705 1471 In

203 1505 295 1554 ipsis
316 1507 444 1542 tamen
466 1505 596 1542 metris
622 1504 797 1542 iambicis
819 1504 1097 1542 accuratiorem
1119 1502 1383 1541 desideramus
1404 1503 1704 1551 responsionem,

205 1585 288 1611 cum
321 1572 370 1611 ad
401 1573 598 1611 arbitrium
631 1573 811 1621 syllabae
841 1574 983 1621 longae
1014 1572 1222 1610 videantur
1253 1572 1404 1609 solutae
1437 1582 1531 1609 esse.

317 1642 520 1689 Sentimus,
549 1644 733 1690 quantum
756 1641 988 1679 addidicerit
1008 1643 1133 1690 poeta,
1155 1652 1241 1678 cum
1264 1652 1311 1678 ex
1332 1639 1406 1677 hac
1428 1640 1704 1688 compositione

203 1710 498 1760 progrediamur
540 1710 590 1748 ad
621 1710 847 1759 Supplicum
883 1709 1031 1747 iambos
1069 1708 1275 1746 artificiose
1307 1707 1516 1746 confectos.
1575 1708 1705 1745 Prius-

205 1791 319 1828 quam
360 1782 512 1817 cantica
551 1780 690 1826 soluta,
732 1790 831 1828 quae
875 1780 963 1816 sunt
1004 1778 1074 1816 sub
1111 1777 1237 1825 finem,
1279 1779 1569 1827 pertractemus,
1610 1775 1706 1814 duos

204 1848 323 1886 velim
363 1848 615 1897 respiciamus
656 1847 764 1886 chori
805 1849 950 1893 cantus,
993 1847 1059 1895 qui
1094 1857 1172 1883 non
1203 1846 1328 1884 minus
1357 1845 1456 1883 bene
1489 1844 1706 1891 ostendant,

206 1920 351 1966 quanta
393 1917 591 1965 elegantia
626 1918 742 1966 poeta
772 1916 858 1954 illis
887 1915 1127 1965 temporibus
1158 1926 1249 1953 usus
1280 1915 1329 1953 sit
1358 1914 1399 1951 in
1429 1912 1706 1963 componendis

205 1985 450 2024 carminibus.

319 2099 475 2148 Suppl.
508 2100 571 2137 71.
630 2098 823 2148 Imprimis
852 2098 967 2136 tertia
996 2097 1133 2147 parodi
1162 2097 1320 2135 Ionicae
1352 2095 1511 2145 stropha
1540 2095 1708 2133 iambica

205 2179 320 2205 curae
352 2167 444 2205 mihi
475 2170 544 2216 est,
586 2179 671 2205 cum
708 2170 790 2205 tota
820 2166 980 2216 stropha
1011 2166 1137 2204 adhuc
1168 2165 1338 2203 nondum
1370 2166 1506 2202 sanata
1536 2164 1575 2201 in
1606 2164 1706 2201 diem

204 2235 285 2273 fere
326 2235 374 2273 ab
406 2235 617 2274 editoribus
648 2237 770 2284 magis
802 2236 917 2273 etiam
947 2235 1145 2272 mutiletur
1175 2237 1291 2282 atque
1324 2234 1599 2281 corrumpatur,
1642 2232 1708 2280 qui

205 2304 276 2341 etsi
307 2305 424 2352 quale
454 2305 503 2342 sit
533 2306 696 2342 metrum
725 2304 799 2354 ipsi
829 2305 1017 2352 ignorent,
1053 2306 1184 2341 tamen
1214 2302 1264 2340 ad
1294 2301 1334 2339 id
1364 2304 1525 2339 metrum
1557 2302 1707 2349 pertur-

204 2371 336 2410 batum
378 2373 493 2410 etiam
534 2373 695 2410 alteram
740 2371 938 2421 stropham
984 2371 1173 2420 redigant.
1243 2370 1306 2408 Sic
1345 2370 1385 2407 in
1430 2380 1544 2407 versu
1584 2369 1707 2406 altero

205 2439 327 2490 ipsius
358 2440 540 2490 strophae
570 2442 733 2478 metrum
765 2441 909 2490 optime
942 2439 1126 2478 decurrit:

661 2527 1254 2562 υψυψ-Ι-ψ-Ιψ-υ-.,

206 2601 439 2651 antistrophi
469 2603 631 2639 metrum
663 2600 767 2650 quod
798 2601 856 2646 sit,
887 2611 1000 2638 nemo
1031 2599 1242 2648 intellegit:

696 2697 855 2713 ⁸.)va
867 2697 1220 2712 ————————

322 2814 351 2858 1)
375 2813 580 2849 Articulum
605 2811 676 2848 τάν
700 2813 906 2851 Brunckius
930 2816 1029 2849 recte
1054 2812 1199 2848 delevit.
