1961 3179
251 159 331 198 318
1652 150 1739 205 [14]

249 274 426 312 Editores
456 272 649 321 permulta
679 272 883 318 mutarunt,
916 282 1001 309 cum
1031 271 1245 309 iamborum
1276 270 1476 308 anaclasin
1504 270 1739 319 ignorarent,

249 341 525 387 Weckleinius,
556 339 763 377 falsissime
784 351 868 378 cum
891 339 1106 378 diremisset
1127 350 1271 387 versus,
1303 341 1341 376 et
1361 341 1483 377 metra
1504 340 1542 376 et
1562 348 1740 375 numeros

248 408 506 458 perturbavit:
536 408 669 445 nullus
701 410 759 445 est
788 419 922 445 versus

548 516 634 573 ἐγώ
664 518 709 559 δε
740 519 795 575 σᾷ
817 518 1026 575 δυστυχίᾳ
1058 515 1242 573 δάκρυσι
1273 518 1427 560 διοίσω

249 640 287 674 et
318 636 417 674 alius
447 635 600 684 generis
631 646 715 672 esse
745 634 926 672 videntur
955 633 995 671 hi

548 733 726 789 πότμου
759 729 975 789 ἄποτμον·
1009 729 1045 776 ὦ
1076 730 1280 785 τάλαινα,

549 808 586 843 et
615 803 758 857 μανία)
790 806 979 854 θεοῖσιν,

249 931 480 969 quamquam
522 931 654 957 omnes
695 919 838 967 optime
884 919 934 956 ad
978 919 1190 957 iamborum
1228 919 1416 956 rationem
1458 918 1582 967 redigi
1625 928 1742 967 posse

248 988 423 1026 vidimus.
483 986 648 1033 Quando
679 987 753 1024 viri
783 986 885 1025 docti
917 999 1000 1024 eam
1031 987 1272 1034 syllabarum
1305 989 1588 1034 metrorumque
1619 986 1743 1024 collu-

248 1057 348 1094 viem
380 1056 560 1094 arbitrari
590 1055 777 1093 desistent
808 1055 963 1104 dignam
987 1066 1069 1093 esse
1091 1057 1205 1103 poeta
1228 1054 1392 1092 Graeco!
1452 1054 1560 1092 Unus
1582 1053 1742 1102 quisque

248 1125 422 1174 protinus
452 1123 639 1162 concedat
669 1124 780 1160 illam
811 1135 925 1171 quam
955 1135 1071 1172 supra
1100 1123 1437 1161 Wilamowitzium
1473 1124 1626 1160 secutus
1655 1132 1743 1170 pro-

249 1193 361 1241 posui
411 1191 667 1240 componendi
721 1192 912 1228 rationem
962 1191 1287 1239 simplicissimam
1338 1191 1597 1239 optimamque
1647 1200 1742 1227 esse.

250 1260 450 1306 Quomodo
481 1260 578 1298 haec
610 1259 755 1308 epodus
786 1260 993 1297 coniuncta
1018 1260 1066 1297 sit
1093 1271 1177 1297 cum
1200 1258 1377 1307 strophis,
1409 1258 1601 1307 quomodo
1622 1260 1745 1296 metra

249 1341 318 1377 per
349 1340 413 1367 eas
443 1328 715 1377 perducantur,
737 1328 827 1365 Wil.
849 1330 954 1365 recte
985 1327 1169 1375 cognovit
1201 1326 1264 1376 (cf.
1288 1328 1403 1376 Hipp.
1425 1339 1462 1376 p.
1484 1326 1593 1375 229).
1652 1325 1743 1372 Qui-

249 1397 320 1434 bus
351 1397 465 1434 rebus
496 1398 705 1434 commotus
735 1395 838 1433 hanc
870 1395 1036 1444 epodum
1066 1395 1130 1432 hic
1162 1395 1312 1432 demum
1344 1395 1587 1441 inseruerim,
1628 1396 1666 1432 et
1696 1406 1744 1432 ex

251 1465 316 1512 eis,
347 1476 444 1513 quos
473 1458 734 1512 tractavimus,
773 1464 872 1501 locis
905 1465 942 1501 et
977 1475 1025 1501 ex
1066 1463 1130 1510 eis,
1172 1463 1219 1501 de
1259 1463 1398 1511 quibus
1437 1462 1538 1500 infra
1577 1473 1745 1511 agemus,

250 1532 503 1580 intellegitur.
562 1532 664 1569 Nam
694 1532 843 1568 numeri
872 1533 951 1568 tam
982 1529 1176 1569 artificiosi
1207 1533 1305 1578 sunt,
1334 1533 1376 1568 ut
1406 1530 1472 1567 vix
1503 1530 1657 1568 credam
1678 1540 1745 1568 eos

250 1600 327 1638 iam
358 1602 447 1638 ante
477 1599 655 1638 Medeam
686 1598 883 1637 confectos
915 1611 1011 1637 esse.

364 1680 523 1717 Veteres
568 1679 762 1728 simplices
811 1680 920 1727 leges
970 1681 1122 1717 secutus
1172 1681 1229 1716 est
1278 1678 1481 1727 Euripides
1530 1679 1571 1715 in
1620 1677 1744 1727 epodo

251 1747 415 1785 Troad.
439 1748 530 1784 551.
590 1748 727 1795 Neque
759 1747 860 1784 enim
892 1759 990 1794 quae
1026 1747 1075 1785 sit
1106 1748 1358 1795 congruentia
1390 1746 1598 1795 diligenter
1627 1758 1745 1795 quae-

249 1816 412 1854 rendum
443 1818 510 1864 est,
541 1815 610 1853 sed
638 1827 708 1864 per
739 1827 779 1853 se
811 1815 1065 1864 cognoscitur,
1097 1827 1182 1852 cum
1213 1826 1346 1853 versus
1369 1815 1530 1853 consoni
1559 1815 1648 1853 aliis
1667 1826 1746 1852 non

251 1884 490 1930 dirimantur,
521 1883 590 1921 sed
620 1884 750 1920 statim
780 1884 977 1921 iterentur.
1037 1882 1165 1929 Quare
1203 1884 1318 1921 etiam
1353 1883 1471 1921 lectio
1507 1885 1549 1920 ut
1583 1894 1672 1920 raro
1705 1882 1747 1919 in

251 1952 448 2001 Euripidis
477 1951 618 1990 fabulis
652 1963 747 1989 sana
779 1954 847 1989 est.
907 1952 1035 1990 Unum
1070 1951 1230 1989 verbum
1249 1945 1459 2003 Ἄρτεμιν,
1490 1950 1596 1999 quod
1615 1951 1746 1999 inepte

251 2020 406 2058 additur
432 2022 470 2058 et
490 2022 613 2058 metra
633 2020 844 2069 perturbat,
876 2019 1072 2058 Seidlerus
1092 2019 1314 2057 iamdudum
1336 2019 1528 2068 delevit.¹)
1586 2019 1748 2056 Numeri

252 2088 294 2126 hi
324 2091 429 2126 sunt:

806 2185 994 2200 ψ--ψ-
1027 2176 1249 2210 'xa—xa—

808 2193 1295 2277 „wude-„nl

808 2321 994 2335 ο-ψ-
1027 2263 1290 2345 ,cmv-J

457 2394 550 2432 555.
604 2379 994 2412 ⁸²-·*²-¹*“v-
1027 2379 1251 2413 Ιψ-ψ-

576 2400 588 2462 ί
808 2458 932 2471 ww
963 2462 994 2466 ,
1027 2447 1251 2480 ,ψ-ψ-

577 2464 584 2530 Ι
809 2525 1014 2539 ψψψψψ
1029 2466 1293 2548 ΜΛΝ-ἒ

577 2531 775 2607 [gw—
810 2594 997 2607 Vw—
1029 2583 1250 2616 lgm—V-

326 2796 351 2832 11
368 2740 395 2784 1)
420 2740 523 2776 Idem
554 2751 685 2777 nomen
715 2741 760 2777 ab
792 2741 1053 2787 interpolatore
1077 2741 1240 2777 additum
1264 2741 1300 2776 in
1324 2741 1458 2777 Phoen.
1493 2743 1567 2788 192,
1597 2740 1660 2777 ubi
1689 2750 1748 2776 res

254 2796 336 2833 sim·
353 2797 383 2833 is
408 2800 475 2833 est.
