1961 3179
268 193 347 231 372
1670 180 1758 235 [68]

265 306 519 345 terminantur
540 304 621 342 alia
643 302 810 341 dochmii
830 302 976 341 formae
996 301 1233 351 interposita.
1288 299 1395 347 Quae
1417 302 1455 339 et
1475 300 1759 348 interrumpun-

265 378 327 412 tur
368 376 457 411 ante
496 372 675 410 ultimum
717 374 755 409 et
792 370 974 408 finiuntur
1004 369 1152 408 duobus
1182 368 1372 415 membris,
1415 379 1512 419 quae
1544 379 1592 405 ex
1623 366 1759 405 eodem

267 441 417 480 doehm.
448 441 507 479 bis
537 440 662 490 posito
694 441 882 477 constant.
941 438 1085 487 Figura
1114 437 1243 486 igitur,
1279 437 1310 475 si
1340 437 1521 486 pristinas
1551 435 1760 473 retinemus

266 512 388 557 notas,
418 508 516 547 haee
547 510 621 546 est:

948 587 971 612 a
1000 574 1024 612 b
1061 586 1083 611 a

949 654 971 679 a
1002 653 1022 679 o
1058 654 1081 679 a

436 712 554 753 1060.
974 709 999 747 b
1029 710 1053 747 b

947 790 970 815 a
1000 777 1025 814 d
1061 791 1084 815 a

976 845 1001 883 b
1032 845 1068 886 b.

383 951 535 990 Deinde
565 953 652 1000 post
681 952 759 988 tres
780 949 1048 998 anapaestieas
1071 947 1248 997 dipodias
1270 947 1411 996 (1065)
1433 947 1592 985 alterius
1613 945 1764 996 periodi

269 1021 369 1058 idem
403 1019 553 1057 dochm.
576 1021 613 1056 et
643 1018 793 1055 initium
823 1020 861 1054 et
890 1016 1005 1054 finem
1035 1016 1138 1054 facit.
1198 1015 1316 1053 Medii
1336 1027 1471 1053 versus
1497 1026 1628 1053 rursus
1648 1026 1763 1064 pares

270 1092 359 1127 sunt
389 1100 514 1137 neque
545 1087 686 1135 usitati,
718 1098 802 1124 eum
833 1085 933 1123 hano
963 1084 1134 1122 habeant
1165 1083 1341 1122 formam:

271 1251 312 1286 ut
342 1247 463 1297 figura
493 1248 542 1286 sit
1143 1205 1151 1223 ’

442 1327 557 1363 1067.
899 1349 903 1352 -
1007 1336 1031 1361 a

271 1567 372 1604 Tum
402 1567 490 1614 post
520 1576 587 1602 sex
608 1566 728 1601 metra
750 1562 998 1612 anapaestiea
1019 1560 1161 1610 (1070)
1184 1562 1412 1610 sequuntur:
1442 1560 1466 1598 b
1498 1572 1520 1598 a
1551 1572 1573 1598 3
1603 1560 1627 1598 b
1658 1558 1766 1597 finita

273 1636 391 1683 pleno
423 1632 616 1671 dochmio:

480 1712 599 1750 1075.
883 1726 1143 1743 υυυυυυ

274 1803 378 1852 (libri
409 1798 474 1852 ἰώ,
507 1801 610 1851 quod
640 1800 882 1840 retinendum
913 1800 1092 1850 videtur),
1123 1800 1184 1839 oui
1209 1799 1310 1838 idem
1331 1798 1540 1849 respondet
1559 1800 1647 1848 post
1667 1798 1766 1836 alios

275 1873 456 1920 quattuor
486 1872 717 1920 anapaestos
738 1869 883 1919 (rursus
903 1869 1089 1907 librorum
1111 1868 1258 1906 retineo
1278 1867 1502 1906 lectionem:
1535 1860 1766 1918 σφακτάν).

388 1938 556 1978 Deinde:

984 2005 1008 2043 b
1039 2005 1062 2043 b

445 2075 561 2113 1080.
893 2092 907 2153 f
977 2075 1070 2112 oret.

893 2155 900 2189 ι
961 2143 984 2179 2
1016 2154 1076 2179 an.

894 2191 906 2252 i
948 2210 973 2246 4
1004 2212 1096 2247 oret.
1138 2159 1151 2255 l

966 2278 989 2314 2
1020 2289 1082 2315 an.
1136 2257 1151 2319 J

876 2346 982 2395 plen.
1019 2344 1169 2382 doehm.

1015 2425 1038 2450 a

281 2519 388 2565 Quae
433 2518 614 2568 periodus
660 2518 790 2566 aliquo
832 2515 947 2555 modo
996 2516 1157 2554 liberius
1201 2514 1414 2564 composita
1457 2513 1603 2563 primae
1647 2512 1768 2563 partis

281 2587 395 2625 finem
426 2586 528 2624 facit.

395 2656 571 2692 Alteram
602 2656 752 2703 partem
783 2653 1016 2691 exscribam:

756 2752 860 2804 αἰαῖ,
891 2749 945 2793 ἰώ
978 2750 1148 2807 Θρῄκης

690 2819 971 2876 λογχοφόρον
1004 2817 1197 2861 ἔνοπλοι)
1229 2812 1420 2860 εὔιππον
1442 2813 1501 2859 Ἄ-
