1961 3179
147 214 236 272 [33]
1562 212 1641 254 337

147 337 324 382 tribuam,
365 334 468 384 quod
499 334 632 372 miram
663 332 776 371 huius
807 331 922 383 epodi
953 332 1269 381 aequabilitatem
1299 331 1483 380 neglexit.
1542 332 1643 369 Nam

147 404 232 453 ipse
264 402 462 452 (He1·c.II,
492 414 529 451 p.
553 402 621 449 28)
662 400 818 439 schema
854 401 1041 449 escripsit,
1081 400 1276 439 incondite
1308 399 1473 448 quidem.
1533 398 1645 445 Quod

148 471 250 509 idem
282 482 367 509 cum
397 470 471 508 hoc
501 469 615 507 modo
646 469 869 517 scribamus,
901 469 1028 506 omnia
1058 468 1176 506 facile
1206 469 1508 517 intelleguntur:

358 573 447 610 130.
621 589 897 659 (mmmm
1101 591 1135 600 n
1206 591 1275 661 ,Ι

575 660 629 864 fn
903 735 1174 826 ‚
1267 663 1278 858 ι

576 867 1089 1129 {vj-3531}
1168 828 1178 1098 ’

360 1116 449 1154 135.
934 1124 1090 1194 —v—}
1163 1100 1175 1162 J

153 1265 491 1315 Sapei-vacaneum
529 1268 587 1303 est
622 1266 772 1303 litteras
809 1276 879 1314 pro
911 1265 1073 1314 singulis
1105 1266 1235 1304 metris
1267 1277 1429 1315 ponere,
1459 1268 1501 1302 ut
1531 1264 1653 1313 figura

153 1334 275 1383 magis
307 1333 421 1371 etiam
453 1333 630 1372 emineat.

267 1457 432 1497 Bacch.
448 1458 541 1499 556.
578 1457 748 1507 Epodus,
771 1469 870 1506 quae
893 1460 950 1496 est
970 1458 1009 1495 in
1032 1458 1173 1497 Bacch.
1188 1459 1280 1507 556,
1301 1459 1442 1497 Ionicis
1463 1471 1485 1495 a
1506 1458 1654 1496 minore

155 1528 368 1576 composita
399 1530 468 1565 est.
529 1527 703 1575 Utroque
733 1528 833 1574 loco,
867 1538 942 1575 quo
973 1527 1187 1576 reperimus
1218 1527 1322 1576 apud
1352 1527 1576 1576 Euripidem
1608 1538 1654 1564 ea

154 1598 294 1643 metra,
332 1595 373 1632 in
402 1594 537 1644 Suppl.
569 1597 607 1633 et
638 1594 779 1633 Bacch.
810 1617 867 1622 —
906 1607 994 1632 rara
1025 1595 1126 1633 enim
1158 1596 1313 1633 omnino
1345 1596 1434 1633 sunt
1463 1617 1519 1622 -
1550 1607 1656 1632 mera

155 1666 242 1702 sunt
272 1664 393 1701 nullis
423 1662 504 1701 fere
535 1663 765 1701 intermixtis
797 1664 885 1701 aliis
916 1663 1059 1704 metris.
1120 1664 1322 1713 Proprium
1360 1665 1417 1701 est
1451 1663 1491 1700 id
1521 1663 1657 1700 horum

154 1743 354 1780 versuum,
396 1743 482 1770 cum
518 1732 632 1769 etiam
663 1732 943 1781 posterioribus
974 1732 1230 1782 temporibus,
1271 1733 1338 1770 vel
1379 1731 1483 1781 apud
1523 1735 1657 1780 poetas

156 1801 351 1839 Romanos
381 1799 483 1838 idem
513 1800 764 1849 reperiamus.

269 1868 398 1918 Epodi
428 1868 552 1906 forma
581 1868 678 1907 haec
711 1871 768 1907 est
798 1869 863 1918 (de
895 1869 1086 1919 scriptura
1116 1881 1194 1907 non
1223 1870 1352 1918 potest
1383 1869 1536 1917 certari,
1573 1880 1658 1907 cum

156 1938 306 1976 numeri
336 1940 414 1975 tam
446 1937 570 1986 aperti
600 1937 686 1984 sint,
717 1940 759 1975 ut
789 1938 941 1976 librarii
970 1938 1037 1975 vix
1067 1938 1314 1986 er1·ave1·int):

773 2116 1307 2130 ———————————

773 2252 1354 2266 QQQQQQQQQQQQ

569 2320 946 2336 QQQQQQQQQ

571 2458 946 2472 vvvvvvvv

776 2526 946 2541 xlv——

571 2593 901 2608 ———————

161 2802 360 2851 Periodus,
402 2814 501 2851 quae
531 2801 645 2841 finem
682 2802 785 2851 facit,
829 2806 1009 2853 corrupta
1039 2805 1108 2842 est.
1168 2802 1356 2852 Equidem
1387 2803 1572 2842 confiteor
1602 2815 1661 2842 me

163 2882 291 2920 neque
321 2873 444 2909 metra
474 2882 600 2920 neque
633 2883 812 2910 numeros
842 2872 1075 2922 perspicere.

231 2947 309 2975 Dies.
327 2947 399 2974 Hal.
418 2947 482 2976 XV.
1437 2950 1456 2983 3
