1961 3179
198 193 288 243 [21]
1608 192 1688 230 325

196 306 278 345 fieri
308 309 445 356 potest,
476 308 517 343 ut
547 306 789 355 coryphaeus
810 306 953 355 optimc
974 306 1222 353 intellexcrIt,
1254 306 1345 354 quid
1368 306 1520 344 Helena
1541 306 1691 344 dictura

197 375 260 412 sit:
296 375 360 423 „Si
391 387 437 413 ca
466 386 558 412 vera
589 377 686 422 sunt,
717 375 878 413 mortem
899 373 991 411 mihi
1012 374 1248 412 consciscam
1271 386 1512 423 quocumque
1536 374 1685 414 modo.“

197 442 305 489 Quae
351 443 381 480 si
425 443 479 480 ita
521 444 623 489 sunt,
669 442 716 479 ab
756 441 953 492 impietate
993 453 1076 480 eam
1113 454 1246 480 arcere
1283 443 1405 480 voluit
1446 442 1690 492 coryphaeus

196 511 327 549 verbis
357 508 400 550 τί
430 506 526 550 τάδ’
557 505 758 550 ἀσύνετα.
781 532 835 538 ———
856 511 990 548 Finem
1011 510 1122 548 huius
1144 510 1332 548 enuntiati
1363 509 1569 548 admodum
1601 522 1691 548 con-

196 582 338 618 tortum
379 591 463 618 esse
504 578 689 618 concedo.
749 578 823 625 Qui
864 580 993 627 aliquo
1034 579 1147 616 modo
1184 579 1419 617 commodior
1454 578 1510 626 fit,
1551 580 1690 618 sinon

197 647 407 687 secundum
450 647 616 686 editores
657 649 744 696 post
775 641 956 699 ὄρεγμα,
993 647 1061 685 sed
1092 650 1180 696 post
1211 647 1380 699 σφαγᾶς
1410 647 1690 696 distinguimus,

196 718 237 754 ut
268 707 475 768 ὀρέξομαι
512 727 596 754 cum
633 718 796 763 utroque
833 716 1004 753 membro
1042 717 1308 764 coniungatur.
1368 716 1451 753 Etsi
1487 727 1620 753 sensus
1650 716 1691 753 in

196 785 418 822 universum
449 784 531 822 sine
554 783 668 822 dubio
691 783 914 822 retinendus
935 786 1004 830 est,
1035 784 1246 821 nonnullas
1268 783 1428 831 exiguas
1449 784 1691 832 corruptelas

195 853 322 890 inesse
352 852 520 890 numeris
556 855 687 901 aperte
727 852 1019 889 demonstratur.
1079 852 1111 888 Ε
1147 851 1284 900 quibus
1320 863 1435 888 unam
1466 851 1691 899 Elmsleyus

197 921 289 959 satis
319 923 424 958 recte
456 920 687 967 observavit,
718 921 783 969 qui
811 915 988 972 χλωρόν
1018 921 1059 957 in
1088 933 1123 957 v.
1147 919 1225 957 349
1259 919 1492 969 duplicaret:
1526 918 1691 972 χλωρῷ

195 981 388 1040 χλωρόν,
437 988 492 1026 ita
535 991 576 1026 ut
619 988 814 1025 trimetrus
859 987 1079 1026 trochaicus
1128 986 1332 1036 efficiatur,
1383 988 1447 1035 qui
1496 988 1536 1024 in
1580 989 1691 1036 parte

195 1055 394 1095 trochaica
423 1056 522 1094 bene
552 1056 787 1106 respondeat
826 1057 998 1094 trimetro
1038 1055 1202 1093 iambico
1233 1056 1333 1093 inter
1363 1055 1510 1093 iambos
1539 1068 1575 1093 v.
1599 1055 1692 1093 342.

197 1125 347 1163 Tamen
390 1125 518 1162 omnia
561 1124 660 1163 haec
695 1137 773 1162 non
812 1125 933 1174 plane
974 1126 1081 1162 certa
1120 1125 1218 1161 sunt.
1286 1123 1414 1161 Etiam
1452 1123 1691 1172 reliquorum

195 1205 375 1232 versuum
405 1195 567 1231 metrum
598 1193 811 1232 claudicat:

673 1279 786 1293 υυψ
815 1284 848 1288 --
891 1269 1092 1303 Ιψ-υ...

538 1329 606 1369 Ch.
674 1346 912 1362 υυψψψψ

538 1399 626 1436 Hel.
670 1415 784 1430 υψυ
812 1420 847 1425 -
875 1415 1001 1429 --υ

670 1484 786 1499 ψψψ
814 1489 848 1493 -
891 1474 1092 1508 iv—v—

689 1559 722 1563 ,-
752 1554 785 1567 υ
814 1558 846 1562 -
876 1553 910 1568 ψ
936 1543 940 1577 1
967 1553 1138 1567 -v-x.)

403 1605 494 1643 355.
689 1627 722 1632 —-
752 1623 786 1637 ψ
814 1622 848 1637 υ
876 1623 995 1636 mv-

197 1720 409 1759 Dochmius
450 1721 517 1757 vix
555 1722 683 1758 rectus
725 1723 799 1766 est,
838 1720 983 1770 primus
1026 1720 1260 1767 quartusque
1299 1729 1435 1755 versus
1473 1718 1558 1755 sani
1595 1720 1695 1758 sunt,

197 1789 376 1838 Sequitur
406 1788 653 1827 hexametrus
684 1787 874 1828 heroicus.
925 1787 1077 1833 Versus,
1110 1787 1175 1835 qui
1196 1785 1310 1824 finem
1331 1785 1488 1832 faciunt,
1520 1787 1694 1834 quamvis

197 1858 378 1906 corrupti,
409 1858 475 1906 qui
504 1857 656 1903 fuerint,
687 1856 836 1893 numeri
855 1855 1075 1896 ostendunt.
1125 1855 1294 1892 Fistulas
1315 1853 1498 1892 hocloco
1529 1866 1694 1892 comme-

196 1927 349 1975 morari,
380 1926 517 1974 quibus
548 1937 689 1963 canere
711 1926 811 1962 solet
832 1925 941 1962 Paris
962 1926 1003 1961 ut
1024 1935 1156 1961 omnes
1177 1925 1363 1971 pastores,
1393 1922 1487 1959 mihi
1509 1923 1694 1972 optimum

196 1995 365 2041 videtur,
403 1995 474 2032 etsi
504 1994 711 2042 intellego,
743 2005 840 2041 quae
873 2004 1012 2030 causae
1043 1991 1297 2029 Badhamium
1330 1991 1624 2039 commoverint,
1653 1994 1695 2029 ut

197 2065 373 2102 mutaret.
432 2063 583 2100 Tamen
623 2074 756 2100 omnes
798 2061 1043 2099 coniecturae
1074 2062 1152 2097 tam
1183 2070 1322 2108 graves
1353 2061 1456 2105 sunt,
1496 2061 1538 2096 ut
1569 2059 1694 2107 potius

196 2133 460 2169 Hermannum
501 2142 658 2179 sequar,
704 2130 769 2178 qui
808 2129 962 2178 scripsit
1002 2126 1227 2180 συρίγγων
1268 2122 1423 2166 ἀοιδὰν
1463 2125 1692 2178 σεβίζοντι.

197 2200 300 2240 Fieri
338 2201 481 2249 potest,
520 2201 562 2236 ut
597 2199 789 2236 nonnulla
826 2197 1050 2236 exciderint.
1111 2197 1177 2235 Sin
1209 2196 1349 2242 minus,
1389 2195 1538 2232 numeri
1568 2194 1607 2232 hi
1638 2195 1695 2232 vi-

198 2268 336 2306 dentur
366 2278 467 2306 esse:

650 2352 854 2367 ——Q—-Q
889 2352 1059 2365 -Χ-λ-υ

197 2585 443 2623 Terminatur
480 2584 723 2634 coryphaeus
761 2583 960 2633 periodum
998 2582 1173 2620 versibus
1203 2581 1394 2628 iambicis,
1437 2581 1501 2629 qui
1532 2593 1580 2619 ex
1612 2593 1694 2618 car-

197 2654 309 2692 minis
339 2654 448 2692 initio
479 2654 562 2692 noti
591 2656 694 2691 sunt:

403 2779 497 2816 360.
787 2785 1149 2818 -ψψψιψ-ψψ

743 2852 1150 2887 υ-υυυΙψ-υ-
