1961 3179
279 150 360 187 444
1651 143 1768 200 [140]

278 264 490 311 Utrumque
523 261 610 299 dico
641 261 873 309 choreutam,
915 260 986 299 etsi
1016 260 1160 308 nescio,
1197 273 1246 297 an
1277 260 1496 309 complures
1528 259 1771 298 cantaverint

277 331 348 369 hos
378 341 522 378 versus,
552 341 679 378 neque
709 340 801 367 vero
832 328 959 369 iidem.

392 489 523 526 Herc.
565 487 656 524 905.
728 487 788 524 De
831 499 866 524 V.
900 486 979 523 905
1020 486 1097 523 iam
1138 485 1416 535 disputavimus
1455 498 1490 535 p.
1523 487 1587 526 72.
1661 484 1770 530 Quae

279 556 392 594 modo
415 555 493 593 dixi
515 555 563 593 de
584 555 773 601 versibus,
807 554 945 603 quibus
967 553 1220 603 coryphaeus,
1250 565 1330 591 rem
1351 566 1503 601 novam,
1524 565 1623 601 quae
1645 553 1770 591 subito

281 623 431 671 accidit,
473 622 589 660 choro
623 622 807 670 enuntiat,
850 622 1074 670 priusquam
1105 621 1188 669 ipse
1220 632 1303 658 eam
1335 620 1616 668 animadvertit,
1657 620 1771 658 etiam

281 690 353 729 1100
383 692 471 729 1000
503 691 644 739 optime
673 690 966 738 perspiciuntur.

391 850 524 888 Herc.
549 849 668 888 1016.
733 848 865 886 Simile
909 849 967 885 est
1006 847 1197 885 canticum
1236 846 1326 884 inde
1367 859 1399 886 a.
1421 859 1456 886 v,
1481 847 1600 886 1016.
1659 845 1771 891 Quod

278 916 393 954 facile
424 917 697 965 intellegimus,
738 915 942 953 dummodo
979 915 1117 952 iterum
1147 914 1437 951 Wilamowitzii
1476 914 1672 962 egregiam
1712 925 1770 951 se-

280 996 441 1032 quamur
472 984 842 1032 interpretationem.
901 984 961 1020 De
991 983 1083 1031 ipsis
1105 983 1272 1019 numeris
1293 982 1368 1019 iam
1390 982 1531 1019 dictum
1554 984 1622 1029 est,
1653 993 1771 1029 quare

280 1052 342 1089 hic
374 1052 465 1089 satis
497 1051 621 1089 habeo
655 1052 828 1099 singulas
860 1050 1040 1099 periodos
1073 1050 1276 1098 seiungere
1355 1049 1498 1098 Incipit
1530 1049 1652 1087 omnis
1680 1060 1772 1098 pars

280 1120 405 1167 lyrica
436 1132 457 1156 a
491 1119 612 1156 tribus
642 1118 815 1167 periodis
847 1117 1094 1164 dochmiacis,
1126 1129 1223 1165 quae
1247 1117 1382 1154 codem
1403 1116 1516 1154 modo
1539 1117 1773 1166 compositae

281 1191 368 1225 sunt
399 1199 474 1236 quo
506 1188 594 1225 aliis
625 1188 724 1225 locis
755 1186 862 1224 chori
893 1187 1055 1233 cantica,
1087 1189 1125 1223 et
1154 1197 1224 1234 pro
1255 1185 1410 1223 stasimo
1434 1186 1652 1223 collocatae
1674 1187 1772 1225 sunt.

281 1255 384 1301 Quos
416 1266 550 1293 versus
581 1267 604 1291 a
634 1257 713 1292 1010
746 1254 863 1292 choro
895 1255 1042 1292 cantari
1074 1266 1121 1291 ex
1151 1255 1235 1302 ipsa
1264 1265 1305 1291 re
1337 1255 1508 1302 apparet.
1542 1274 1592 1281 ——
1624 1253 1771 1290 Hercu-

278 1324 328 1360 lis
368 1321 568 1359 infandum
608 1321 759 1359 facinus
797 1333 882 1359 cum
914 1322 1001 1358 aliis
1032 1323 1277 1369 comparatur
1306 1320 1532 1369 parricidiis,
1570 1319 1685 1357 finem
1715 1319 1771 1356 fa-

280 1391 386 1428 ciunt
429 1389 546 1427 haec:
597 1390 717 1437 ‚,Heu,
764 1400 877 1437 quam
923 1390 1121 1437 querelam
1167 1399 1302 1425 canam
1347 1390 1413 1425 aut
1451 1388 1661 1425 lamentum
1706 1389 1771 1425 aut

281 1470 436 1496 carmen
458 1457 581 1495 ferale
603 1460 668 1494 aut
690 1457 870 1494 choream
890 1456 1098 1494 inferorum
1112 1456 1153 1494 ‘?“
1203 1456 1302 1493 Tum
1324 1456 1547 1503 eccyclema
1568 1455 1771 1495 evolvitur.

280 1525 388 1570 Quae
418 1526 458 1562 in
489 1536 532 1562 eo
566 1525 861 1573 conspiciantur,
891 1523 1073 1561 brevibus
1108 1522 1262 1571 „chori“
1297 1522 1469 1571 partibus
1491 1521 1772 1560 describuntur.

280 1594 524 1630 Hermannus
569 1593 741 1640 singulas
785 1591 965 1640 periodos
1010 1594 1050 1628 ut
1094 1591 1169 1628 iam
1214 1592 1329 1627 antea
1372 1590 1533 1638 singulis
1578 1589 1771 1627 choreutis

280 1661 395 1698 tribui
417 1661 550 1699 voluit.
611 1660 680 1698 Cui
700 1659 966 1697 Weckleinius
989 1659 1203 1696 assentitur.
1263 1657 1339 1695 Sed
1362 1669 1445 1695 cum
1467 1657 1517 1695 ad
1537 1670 1573 1698 v.
1594 1658 1674 1695 887
1687 1668 1771 1706 sqq.

281 1730 344 1776 (II,
374 1740 410 1777 p.
436 1728 530 1777 190)
554 1728 644 1765 Wil.
667 1728 809 1776 optime
841 1727 1119 1764 demonstravit
1148 1726 1187 1763 id
1218 1737 1406 1774 nusquam
1436 1727 1540 1763 recte
1569 1724 1663 1774 fieri,
1691 1727 1772 1763 tum

281 1797 443 1833 maxime
485 1796 559 1833 hoc
600 1797 689 1833 loco
731 1796 851 1832 multa
892 1795 973 1831 alia
1013 1795 1048 1832 ei
1089 1794 1261 1843 opinioni
1299 1796 1526 1843 repugnant.
1602 1793 1771 1830 Primum

281 1877 419 1902 novam
460 1876 539 1901 10111
571 1876 648 1901 11011
680 1864 822 1911 singuli
853 1863 1070 1909 choreutae,
1110 1862 1179 1900 sed
1208 1863 1291 1911 ipse
1323 1861 1564 1910 coryphaeus
1594 1861 1771 1898 nuntiare

283 1933 391 1980 solet,
432 1931 572 1970 deinde
609 1943 707 1969 uuus
748 1931 933 1968 choreuta
972 1943 1048 1968 non
1088 1931 1271 1978 loquitur,
1312 1929 1379 1968 sed
1417 1932 1557 1976 cantat,
1596 1931 1638 1966 ut
1666 1929 1706 1965 in
1735 1941 1770 1968 v.

282 2001 362 2038 818
376 2012 458 2048 sqq.
517 2000 731 2037 Trimetrus
772 2002 899 2036 autem
929 1999 1114 2036 iambicus
1144 2011 1179 2037 v.
1206 1998 1311 2035 1034
1342 2010 1421 2035 non
1449 1997 1574 2047 potuit
1604 1996 1770 2035 cantari:

281 2231 411 2277 Atque
427 2228 528 2266 hanc
544 2240 657 2265 unam
674 2227 877 2277 periodum
895 2226 1126 2275 coryphaeo,
1142 2227 1313 2274 reliquas
1331 2225 1565 2274 quibuslibet
1579 2224 1771 2263 choreutis

282 2298 448 2335 tribuere
479 2297 651 2345 ineptum
682 2298 751 2334 est.
810 2296 897 2333 Uno
929 2295 1080 2332 senario
1107 2293 1213 2330 1034
1234 2295 1444 2331 commotus
1465 2304 1558 2340 sum,
1589 2294 1630 2330 ut
1649 2294 1771 2330 totum

284 2366 475 2403 canticum
496 2376 573 2401 non
595 2363 723 2411 choro,
755 2363 822 2401 sed
844 2362 1064 2411 coryphaeo
1085 2362 1262 2402 tribuam.
1320 2362 1528 2399 Praeterea
1549 2371 1614 2398 eos
1635 2371 1770 2398 versus

282 2433 357 2469 iam
402 2433 532 2470 monui
577 2443 625 2469 ex
671 2432 724 2469 eis
769 2443 869 2477 esse,
925 2430 1062 2478 quibus
1108 2430 1234 2468 subita
1271 2440 1333 2466 res
1383 2428 1499 2466 choro
1541 2428 1770 2467 enuntiatur.

284 2499 396 2544 Quod
437 2500 507 2537 etsi
536 2499 617 2537 fieri
648 2500 747 2536 solet
777 2499 950 2536 iambicis
981 2499 1161 2536 trimetris
1191 2501 1256 2535 aut
1287 2497 1516 2546 anapaestis,
1555 2498 1685 2533 tamen
1714 2495 1771 2532 in-

285 2568 406 2604 solitis
437 2568 604 2604 numeris
635 2579 724 2616 pars
755 2567 1052 2605 concitatissima
1083 2566 1367 2604 excusat-ionem
1393 2565 1514 2605 affert.
1573 2564 1770 2602 Senarium

285 2635 458 2682 quamvis
497 2638 577 2672 arte
608 2636 654 2672 sit
685 2636 910 2672 coniunctus
941 2646 1054 2671 sensu
1087 2645 1171 2671 cum
1202 2634 1328 2672 verbis
1360 2636 1495 2680 antec„
1524 2644 1602 2670 non
1633 2632 1771 2670 cohae-

283 2714 368 2740 rere
402 2713 485 2739 cum
516 2703 676 2750 reliquis
708 2703 879 2740 versibus
912 2697 1089 2739 cantatis·
1106 2703 1220 2740 etiam
1252 2714 1299 2740 ex
1329 2702 1503 2750 partibus
1533 2700 1770 2750 responden-

285 2770 384 2808 tibus
414 2770 591 2819 intellegi
619 2772 756 2818 potest,
787 2769 835 2807 de
866 2769 1004 2818 quibus
1035 2770 1199 2823 amplius
1228 2770 1303 2807 iam
1336 2769 1479 2807 dictum
1509 2771 1588 2811 est:

1944 3107 1961 3179 mou
1947 3024 1961 3100 >equ
1950 2996 1954 3003 -
