1961 3179
155 180 272 230 [157]
1568 180 1645 218 461

856 348 948 402 §4

269 441 352 479 Iam
393 440 606 488 redeamus,
646 440 749 479 unde
790 452 919 479 sumus
960 439 1136 490 profecti,
1178 442 1215 478 et
1246 452 1486 490 quaeramus,
1527 441 1651 490 qualis

157 509 206 547 sit
235 521 370 548 versus
399 509 514 549 Here.
534 509 663 547 1057:

636 601 818 650 ἀδύνατ’
848 601 1047 650 ἀδύνατά
1085 623 1173 662 μοι.

156 711 222 751 Ad
244 723 357 760 quem
379 712 654 761 explicandam
676 712 838 761 gaudeo,
866 712 969 761 quod
989 713 1126 751 iterum
1149 725 1171 750 a
1192 711 1390 762 strophiea
1410 713 1498 751 loco
1520 724 1651 761 possu-

157 791 240 818 mus
262 781 445 829 incipere,
467 783 508 817 ut
529 781 653 819 securi
674 793 813 818 novam
835 782 937 818 viam
958 780 1232 830 ingrediamur.
1290 781 1334 817 In
1355 781 1435 818 Ion.
1453 793 1487 818 v.
1507 782 1586 818 687
1596 793 1651 829 sq.

155 847 253 886 haee
283 849 544 897 reperiuntur:

638 937 847 991 δειμαίνω
879 934 1115 992 συμφορὰν

637 1000 703 1058 ἐφ’
734 1000 758 1047 ὅ
788 1021 899 1047 ποτε
931 1003 1121 1057 βάσεται.

156 1115 210 1128 =
243 1099 322 1135 706
341 1109 396 1146 sq.

636 1187 707 1228 καὶ
741 1190 914 1229 θεοῖσιν
943 1184 1000 1241 μὴ
1033 1183 1157 1240 τύχοι

634 1255 915 1309 καλλίφλογα
946 1255 1144 1296 πέλανον
1175 1254 1245 1296 ἐπὶ
1270 1289 1278 1297 .
1302 1287 1310 1296 .
1335 1288 1343 1297 .

155 1361 289 1399 Lectio
330 1361 410 1398 sine
453 1360 568 1398 dubio
609 1372 703 1398 vera
743 1372 950 1409 numquam
993 1361 1135 1398 acriter
1175 1360 1396 1408 graviterve
1426 1360 1654 1409 impugnata

157 1431 225 1467 est.
286 1429 450 1467 Carmen
491 1431 549 1467 est
579 1428 858 1475 dochmiacum,
900 1428 1135 1466 antecedunt
1166 1427 1345 1476 dochmii,
1382 1427 1522 1466 deinde
1553 1441 1586 1468 a.
1617 1440 1653 1466 v,

158 1497 237 1535 685
268 1496 365 1536 haee
396 1499 629 1546 sequuntur:

156 1739 236 1775 tum
272 1737 353 1775 illis
384 1737 569 1785 versibus,
612 1749 708 1786 quos
739 1737 913 1786 apposui,
954 1736 1004 1774 ad
1037 1735 1234 1774 dochmios
1263 1735 1364 1773 redit
1394 1737 1521 1784 poeta.
1581 1734 1655 1781 Qui

155 1805 308 1843 iambici
350 1817 435 1844 esse
465 1818 544 1843 non
573 1808 734 1855 possunt
766 1806 822 1855 (ut
851 1812 1137 1847 ---Ι-υ-
1168 1803 1215 1842 cf.
1246 1804 1338 1842 Tro.
1362 1804 1441 1841 579
1456 1815 1520 1851 sq:
1564 1800 1658 1842 αἰαῖ

155 1868 238 1913 τόν
270 1864 308 1912 δ’
345 1865 529 1926 ἀλγέων.
590 1861 626 1913 ὦ
657 1873 743 1914 Ζεῦ
775 1871 849 1913 καὶ
880 1872 1111 1926 συμφορᾶς
1122 1872 1163 1922 ,·),
1205 1884 1289 1910 eum
1320 1872 1419 1909 alter
1450 1871 1654 1909 dimetrum

155 1953 234 1979 non
265 1943 423 1991 expleat
454 1944 492 1980 et
521 1942 618 1980 mira
648 1943 696 1980 sit
724 1942 850 1981 libera
879 1942 1103 1992 responsio:

524 2050 821 2065 —de—kj—
844 2050 878 2064 ΞΖ
901 2048 1286 2070 ——WQWVW’

157 2135 284 2172 neque
327 2123 482 2161 omnino
526 2134 574 2161 ex
615 2124 744 2161 metris
786 2124 889 2162 notis
920 2126 1081 2173 possunt
1112 2122 1263 2161 deduci.
1323 2121 1399 2160 Sed
1429 2121 1653 2170 priusquam

157 2190 260 2228 hane
291 2191 556 2239 quaestionem
586 2192 775 2240 possimus
797 2191 1020 2238 diiudicare,
1051 2190 1154 2228 hune
1175 2201 1329 2227 versum
1352 2191 1504 2238 oportet
1526 2200 1654 2226 exem-

155 2259 234 2307 plis
265 2259 434 2307 probari,
475 2259 540 2307 qui
571 2258 618 2296 ab
649 2259 817 2297 ineuntis
849 2259 997 2296 saeculi
1027 2258 1121 2295 viris
1153 2257 1287 2305 doctis,
1325 2257 1390 2305 qui
1420 2268 1505 2294 eum
1536 2257 1652 2305 tripo-

157 2325 259 2363 diam
298 2326 514 2374 iambicam,
557 2338 641 2364 eum
680 2327 849 2365 iambum
889 2327 1169 2364 arbitrarentur
1211 2327 1387 2363 constare
1426 2336 1446 2362 e
1475 2324 1587 2362 brevi
1618 2326 1656 2361 et

155 2395 276 2442 longa
317 2395 486 2442 syllaba,
527 2394 732 2442 ducebant,
770 2406 881 2432 rarus
910 2395 1130 2443 putabatur,
1170 2393 1230 2430 his
1261 2395 1388 2430 autem
1418 2391 1656 2440 temporibus

155 2462 197 2498 ni
226 2461 355 2509 fallor,
387 2473 473 2500 cum
503 2474 583 2500 non
609 2474 692 2500 esse
714 2462 919 2500 iambicum
945 2462 1264 2507 intellexerimus,
1296 2461 1448 2498 omnino
1472 2460 1656 2497 omittitur

155 2529 223 2566 vel
267 2529 382 2566 etiam
427 2532 559 2567 extare
605 2542 691 2567 eum
735 2530 776 2566 in
821 2530 1056 2578 tragicorum
1095 2529 1268 2578 partibus
1308 2528 1440 2575 lyricis
1481 2529 1656 2576 negatur.

157 2595 280 2641 Quem
290 2599 420 2634 tamen
431 2608 510 2634 non
527 2596 640 2634 modo
661 2608 801 2644 rarum,
823 2596 891 2634 sed
904 2596 1254 2645 frequentissimum
1267 2606 1352 2633 esse
1365 2594 1484 2632 facile
1500 2595 1654 2632 intelle-

159 2667 270 2713 getur
301 2665 502 2713 exemplis,
533 2676 632 2713 quae
663 2665 833 2711 afferam,
865 2676 964 2713 quae
987 2664 1090 2702 viros
1113 2663 1246 2701 doctos
1267 2663 1413 2711 fugisse
1435 2675 1484 2700 ex
1504 2674 1549 2701 eo
1571 2666 1655 2700 tan-

158 2735 238 2770 tum
270 2732 462 2770 declarari
483 2734 622 2781 potest,
653 2731 756 2780 quod
798 2743 932 2770 versus
976 2731 1162 2769 dochmiis
1203 2731 1346 2769 similes
1375 2731 1416 2768 in
1456 2730 1655 2769 doehmios

155 2801 318 2847 mutare,
350 2801 516 2837 mutatos
546 2799 587 2836 in
617 2801 765 2837 textum
796 2799 971 2849 recipere
1003 2798 1286 2837 consuevimus.
