1961 3179
175 137 291 188 [135]
1586 133 1667 171 439

174 251 306 300 inepte
350 249 521 299 quidem,
567 261 693 298 neque
737 247 818 287 fieri
858 250 1001 297 potest,
1048 248 1141 297 quin
1180 250 1222 286 ut
1260 246 1532 286 Lachmannus
1577 245 1669 284 fecit

175 317 309 365 choro,
353 317 376 355 i.
408 329 439 355 e.
486 316 706 366 coryphaeo
751 316 977 354 tribuantur.
1047 315 1158 361 Quod
1203 327 1288 354 cum
1333 314 1536 362 faciamus,
1580 325 1668 352 ver-

173 385 307 423 borum
337 396 471 423 seusus
503 396 617 423 sanus
647 383 800 421 videtur
832 395 927 431 esse,
963 386 1093 422 tamen
1122 386 1201 421 tum
1233 382 1386 420 demum
1417 382 1667 420 difficultates

174 453 363 491 exsistunt
392 452 703 499 innumerabiles,
733 451 1043 501 inexplicabiles.
1102 452 1203 489 Nam
1230 462 1305 499 quo
1326 449 1440 488 modo
1461 449 1558 488 haec
1581 452 1668 487 acta

173 532 257 559 esse
296 520 482 570 possunt?
542 519 703 569 Semper
739 519 843 568 apud
872 518 1097 569 Euripidem
1134 518 1273 557 chorus
1304 517 1433 567 prodit
1461 519 1503 555 in
1533 517 1666 556 orche-

172 591 290 626 stram
340 589 429 637 (nisi
473 588 548 625 iam
593 588 700 625 initio
747 587 856 625 adest
901 590 942 625 ut
985 588 1025 624 in
1070 587 1220 636 Suppl.)
1266 587 1429 636 primum
1475 587 1668 624 canticum

173 659 344 704 cantans,
376 655 479 704 quod
509 655 697 705 parodum
729 656 777 693 ob
810 668 893 693 eam
915 667 996 693 rem
1016 657 1269 693 vocaverunt.
1327 653 1402 692 Sed
1424 653 1486 692 hio
1508 653 1667 692 chorum

171 725 246 762 iam
276 725 316 761 in
347 724 546 762 orchestra
577 735 660 762 esse
692 726 853 772 oportet,
884 735 969 761 cum
999 725 1210 771 sequantur
1239 722 1375 760 verba:

645 822 759 864 ἴδετε
790 820 871 864 τὸν
903 816 1076 877 γέροντ’
1107 824 1200 864 κτλ.

173 929 325 967 Tamen
367 931 488 967 totum
521 927 678 966 chorum
719 929 848 965 locum
879 939 987 965 suum
1018 927 1094 964 iam
1124 929 1267 973 tenere,
1309 938 1394 964 cum
1425 925 1667 975 coryphaeus

171 997 297 1046 prima
327 996 448 1035 verba
477 997 670 1044 loquatur,
701 996 767 1032 vix
798 995 904 1033 credi
935 997 1073 1044 potest.
1133 995 1199 1032 An
1229 994 1371 1044 prodiit
1393 993 1544 1040 chorus,
1576 993 1666 1030 dum

171 1065 415 1114 coryphaeus
446 1065 607 1113 quaerit,
640 1076 739 1112 quae
771 1064 950 1101 clamoris
982 1075 1098 1101 causa
1124 1062 1266 1101 fuerit?
1326 1063 1381 1099 Eo
1404 1064 1529 1099 autem
1553 1061 1666 1098 modo

171 1133 377 1182 Euripides
407 1144 615 1181 numquam
645 1133 768 1169 ullam
791 1131 960 1169 fabulam
984 1131 1208 1180 composuit.
1267 1130 1332 1168 An
1354 1129 1494 1168 chorus
1515 1129 1666 1166 demum

172 1201 262 1239 dum
302 1202 493 1239 canticum
533 1201 767 1249 pronuntiat,
809 1201 849 1237 in
889 1212 1068 1238 scaenam
1107 1198 1261 1248 prodit?
1322 1198 1529 1236 Videamus
1567 1209 1666 1246 quae

170 1272 390 1318 sequantur.
450 1269 647 1318 Conspicit
678 1268 817 1306 chorus
847 1268 995 1306 Iolaum
1026 1267 1131 1305 humi
1162 1268 1370 1305 iacentem:

676 1367 790 1409 ἰ’ὁετε
822 1364 904 1408 τὸν
935 1362 1108 1422 γέροντ’
1124 1370 1151 1417 ¹)

676 1432 847 1490 ἄμαλὸν
878 1434 946 1476 ἐπὶ
980 1434 1104 1489 πέδῳ

673 1502 884 1558 χύμενον·
918 1497 955 1544 ὦ
984 1502 1132 1552 τάλας.

170 1611 314 1649 Versus
344 1612 433 1648 sunt
463 1608 691 1648 dochmiaci.
750 1606 902 1646 Deinde
934 1607 1145 1656 quaeritur:

326 1706 438 1764 πρὸς
469 1709 551 1750 τοῦ
583 1701 686 1750 ποτ’
717 1706 765 1749 ἐν
797 1709 849 1761 γῇ
880 1708 1040 1761 πτῶμα
1074 1704 1297 1761 δύστηνον
1327 1705 1522 1754 πίτνεις,·

170 1816 294 1864 (Unus
325 1826 459 1853 versus
490 1813 642 1860 excidit,
681 1812 728 1853 cf.
761 1812 922 1860 antistr.)
983 1811 1076 1856 Quis
1107 1811 1162 1848 sic
1192 1811 1415 1858 interrogat,
1446 1808 1585 1848 chorus
1617 1822 1667 1846 an

171 1883 447 1932 coryphaeus?
507 1881 741 1930 Pergamus!
792 1880 924 1917 Iolaus
954 1877 1176 1928 respondet,
1208 1877 1348 1915 chorus
1379 1878 1516 1915 iterum
1547 1877 1663 1915 inter—

169 1954 302 2001 rogat:

353 2035 400 2082 σί
438 2039 475 2081 d’
506 2036 553 2081 {x
584 2039 706 2088 τίνος
736 2039 824 2093 γῆς,
856 2031 892 2078 ὦ
923 2036 1069 2091 γέρον,
1101 2032 1400 2090 τετράπτολιν

352 2106 567 2161 ξύνοικον
597 2102 731 2163 ἦλθες
761 2100 894 2155 λαόν,·
925 2101 951 2160 ἢ
981 2104 1114 2159 πέρα-

490 2179 574 2217 θεν
606 2175 716 2229 ἁλίῳ
748 2171 897 2230 πλάτᾳ

353 2245 545 2299 κατέχετ’
575 2240 835 2292 ἐκλιπόντες
866 2236 1046 2293 Ειῗβοΐᾶ
1080 2235 1245 2290 dufer,-

170 2351 264 2397 Quis
306 2350 411 2389 hoc?
470 2350 614 2387 Versus
646 2349 743 2387 adeo
776 2348 971 2386 coniuncti
1010 2349 1108 2394 sunt,
1149 2350 1189 2384 ut
1229 2357 1341 2383 nemo
1382 2356 1446 2382 eos
1487 2344 1666 2381 dirimere

168 2421 299 2471 possit.
367 2420 468 2456 Num
519 2419 647 2456 omnia
695 2418 769 2455 ista
815 2416 1036 2466 coryphaeo
1081 2414 1322 2453 tribuamus?
1391 2414 1528 2461 Neque
1573 2423 1664 2449 vero

168 2488 337 2539 parodus
378 2488 426 2526 ab
468 2499 544 2525 uno
577 2487 799 2536 coryphaeo
830 2485 1069 2535 pronuntiari
1100 2484 1225 2534 potuit
1256 2494 1381 2530 neque
1418 2492 1551 2519 versus
1582 2492 1665 2529 sqq.

170 2557 210 2595 id
240 2557 476 2606 permittunt,
509 2567 593 2593 cum
626 2556 702 2593 sint
731 2555 826 2592 meri
858 2553 1025 2592 dochmii
1053 2554 1105 2591 86
1123 2565 1206 2601 sqq.
1256 2551 1382 2598 Quare
1403 2553 1505 2589 totus
1527 2551 1666 2589 chorus

169 2625 324 2663 videtur
368 2627 537 2663 cantare.
612 2625 762 2662 Tamen
805 2636 840 2662 v.
873 2624 924 2660 99
948 2634 1003 2671 sq.
1039 2623 1080 2659 in
1125 2624 1200 2662 ant.
1242 2620 1392 2670 Copreo
1437 2620 1665 2669 tribuuntur,

287 2780 315 2829 1)
341 2779 442 2815 Iolao
467 2779 546 2815 trib.
566 2779 656 2824 libr„
682 2779 792 2814 choro
817 2778 1033 2816 Lachmann·
