1961 3179
151 179 268 230 [155]
1562 175 1642 213 459

152 280 389 320 antecedunt
432 281 564 330 iambi,
611 283 823 330 sequuntur
863 280 1040 319 doehmii.
1109 279 1285 318 Eundem
1325 280 1453 316 autem
1492 288 1645 315 versum

148 350 433 388 usitatissimum
455 350 700 387 Hermannus
730 361 767 398 p.
790 349 870 386 256
904 348 1121 386 dochmium
1143 350 1256 386 vocat
1282 347 1454 395 „iamb0“
1480 348 1644 383 auctum.

262 418 350 455 Duo
392 417 460 454 alii
499 417 593 465 loci,
635 429 730 465 quos
772 416 882 454 affert
925 416 1121 454 Seidlerus
1162 428 1199 465 p.
1224 415 1314 462 115,
1355 413 1490 452 eodem
1531 412 1644 450 modo

148 484 333 524 metiendi
363 488 472 523 sunt:

262 575 345 624 Iph.
376 574 468 613 Aul.
494 575 623 612 1475:

608 660 736 718 ἄγετέ
764 679 815 718 με
847 658 929 705 τὰν
960 657 1087 705 Ἰλίου
1110 697 1117 704 .
1144 697 1151 704 .
1177 697 1183 704 .

263 789 326 829 Or.
364 791 497 830 1362:
936 741 940 775 Ι

607 852 679 897 διὰ
712 855 834 905 δίκας
867 854 943 907 ἔβα
975 857 1100 897 θεῶν
1123 889 1129 896 .
1154 889 1162 896 .
1187 888 1193 894 .

728 925 1136 974 ψυψ-ῐψ-ψῇι)

263 1018 414 1067 (Suppl.
439 1018 543 1054 1071
577 1017 791 1055 interiectio
823 1015 1063 1054 secernenda
1093 1016 1264 1053 videtur:

874 1102 928 1145 ἰώ

511 1171 656 1228 γύναι,
691 1170 838 1214 δεινὸν
870 1170 1000 1227 ’ἔργον
1032 1168 1300 1226 ἐξειργάσω.)

858 1334 878 1384 ἕ
911 1334 946 1371 3.

266 1414 360 1454 Cum
403 1413 578 1453 omnibus
619 1413 678 1452 his
718 1414 815 1452 locis
857 1425 992 1451 versus
1034 1411 1220 1451 dochmiis
1261 1412 1406 1449 similes
1436 1423 1514 1449 non
1544 1411 1649 1459 ipsos

153 1483 351 1522 dochmios
382 1482 592 1521 viderimus
623 1481 891 1531 agnoscendos
924 1493 1017 1530 esse,
1049 1481 1117 1518 alii
1147 1483 1234 1519 sunt
1264 1491 1396 1518 versus
1426 1480 1466 1516 in
1488 1478 1649 1516 canticis

153 1551 408 1598 dochmiacis,
458 1551 523 1599 qui
574 1562 622 1588 ex
670 1551 754 1588 ullo
801 1550 964 1587 aliorum
1010 1551 1217 1587 metrorum
1262 1559 1405 1597 genere
1450 1547 1517 1584 vix
1561 1557 1649 1595 pos-

152 1623 239 1659 sunt
270 1619 421 1659 deduci.

265 1687 561 1726 Proficisoamur
601 1686 649 1724 ab
679 1686 784 1725 Ionis
825 1686 976 1724 cantico
1011 1686 1228 1735 144lsqq.,
1268 1685 1308 1722 in
1348 1696 1423 1733 quo
1454 1695 1570 1721 unum
1603 1695 1650 1721 ex

152 1757 233 1795 illis
264 1757 395 1794 metris
425 1756 540 1793 toties
568 1755 796 1802 invenimus,
826 1756 867 1792 ut
898 1766 1027 1792 errare
1057 1766 1134 1792 non
1165 1754 1374 1803 possimus:

358 1859 393 1887 v.
428 1846 556 1884 1480:

553 1919 635 1965 τὸν
666 1922 880 1977 ἐλαιοφυῆ
909 1918 1057 1976 πάγου
1089 1919 1256 1963 θάσσει.

676 2011 710 2024 υ
721 2010 936 2024 υυυυυ
953 1999 1141 2033 ιψ--.-

225 2073 328 2111 idem
360 2086 395 2111 v.
432 2073 554 2111 1482:

504 2144 610 2205 παρ’
642 2142 857 2205 ἀηδόνιον
886 2147 1056 2203 πέτραν
1070 2150 1100 2199 ²)
1136 2147 1300 2202 Φοίβῳ.

360 2256 394 2283 v.
430 2243 556 2281 1486:

347 2320 520 2377 δεκάτῳ
552 2321 598 2363 δέ
629 2332 674 2363 σε
702 2314 842 2376 μηνὸς
873 2318 920 2361 ἐν
950 2317 1115 2375 κύκλῳ.

271 2460 298 2501 1)
324 2457 462 2493 antistr.
487 2468 518 2491 v.
542 2459 628 2491 1545
655 2459 848 2500 corruptus
874 2454 1019 2490 videtur
1044 2464 1135 2490 esse.

270 2516 298 2559 2)
323 2515 380 2549 Ex
406 2516 585 2549 concentu
610 2517 762 2557 apparet
785 2512 937 2547 verbum
962 2509 1099 2556 πέτραν
1124 2521 1202 2545 cum
1221 2510 1323 2545 brevi
1340 2510 1481 2555 syllaba
1497 2520 1651 2554 pronun-

155 2572 318 2607 tiandum
348 2581 467 2615 neque
493 2570 600 2605 finem
627 2569 893 2613 anapaestieum
920 2579 1008 2603 esse.
1057 2567 1193 2602 Tamen
1219 2567 1294 2601 fieri
1318 2569 1448 2611 potest,
1480 2570 1520 2600 ut
1545 2566 1652 2600 etiam

155 2629 191 2663 in
217 2628 360 2663 doehm.
386 2626 610 2661 anaelasticis
635 2627 730 2669 (nam
755 2626 778 2659 ii
804 2628 887 2659 sunt
910 2625 960 2659 illi
979 2624 1120 2659 dimetri
1137 2624 1356 2668 anapaestiei
1381 2622 1424 2658 ef.
1443 2623 1529 2658 Wil.
1546 2623 1651 2657 Herc.

156 2696 190 2729 p.
210 2686 290 2730 220)
315 2685 447 2720 breves
473 2683 737 2719 contrahantur.
787 2681 839 2718 Cf.
865 2682 971 2716 Herc.
993 2684 1096 2716 1085:

587 2745 859 2796 ἀιίιβακχεῦσει
888 2750 1086 2793 Καδμείων
1110 2744 1222 2783 πόλιν

680 2828 895 2843 -----
910 2818 1144 2852 lv———Q—
