1961 3179
184 202 270 260 [35]
1598 210 1678 250 339

183 334 365 360 vocamus
416 322 622 371 cyclicam,
671 322 855 372 retineas,
906 335 956 360 an
1000 335 1153 362 versum
1198 328 1302 363 recte
1348 338 1397 363 ex
1441 326 1681 363 anaclastica

183 390 394 427 iamborum
436 389 560 428 forma
602 390 783 429 deducas.
848 391 970 428 Totus
1011 393 1111 429 enim
1152 404 1287 430 versus
1326 396 1409 431 arte
1449 394 1594 431 musica
1633 405 1681 431 ex

184 457 316 495 multis
346 455 387 494 fit
416 469 534 495 unum
574 457 786 506 eodemque
818 458 931 496 modo
963 459 1010 496 ab
1047 460 1112 507 eis,
1154 461 1219 508 qui
1250 461 1419 509 audiunt,
1458 461 1679 510 percipitur.

182 524 291 562 Idem
322 528 389 571 est,
431 524 534 574 quod
573 526 648 563 iam
679 529 794 564 antea.
826 526 872 564 de
903 527 1115 565 iamborum
1146 529 1273 577 longis
1304 529 1439 566 solutis
1470 530 1535 567 vel
1565 530 1680 567 etiam

182 604 458 642 nonnunquam
511 593 559 631 de
608 594 791 633 brevibus
846 596 1063 644 suppressis
1121 596 1248 634 dicere
1303 598 1506 645 potuimus.
1590 597 1680 643 Qui-

184 673 346 710 cumque
382 674 459 699 non
490 663 607 711 plane
639 663 789 700 alienus
822 666 879 701 est
910 664 957 701 ab
989 667 1071 702 arte
1103 666 1259 711 musica,
1290 677 1367 703 non
1397 666 1550 714 ignorat
1581 666 1680 714 peri-

184 728 300 767 odum
331 730 580 778 aliquomodo
612 731 800 768 variatam
821 754 877 758 —
897 744 1022 780 neque
1052 732 1091 769 id
1123 732 1229 770 aliud
1261 734 1465 781 quicquam
1488 736 1545 771 est
1566 745 1681 782 quam

182 796 222 834 id
253 797 356 845 quod
387 797 517 836 verbis
554 799 705 846 „soluta
735 800 893 848 longa“,
930 812 1162 849 „suppressa
1192 801 1346 838 b1·cvis“
1380 801 1420 838 in
1450 812 1491 838 re
1523 802 1681 839 metrica

184 864 323 903 dicitur
352 888 407 892 ——-
436 866 555 915 plane
587 866 722 905 eodem
754 867 867 905 modo
899 880 1054 906 movere
1085 880 1220 907 sensus
1251 881 1381 907 eorum
1413 869 1479 918 qui
1509 869 1681 917 audiunt,

183 945 258 982 quo
298 934 382 982 ipsa
421 935 649 983 principalis
685 947 775 984 pars
807 932 1038 988 („thema“).
1098 937 1264 974 Accedit
1307 937 1434 984 etiam,
1477 937 1580 985 quod
1621 949 1680 974 re-

182 1002 415 1051 spirationes
446 1005 527 1040 arte
559 1003 707 1041 musica
737 1004 938 1052 suppletas
980 1016 1073 1052 esse,
1114 1005 1187 1043 nisi
1229 1017 1277 1042 ex
1311 1005 1396 1053 ipsa
1429 1016 1470 1042 re
1501 1005 1682 1053 intellegi

182 1072 318 1118 potest,
350 1082 511 1119 papyro,
547 1071 614 1118 qui
644 1069 708 1109 Or.
732 1072 966 1109 338-344
997 1073 1178 1121 continet,
1209 1073 1420 1121 (Wessely,
1451 1073 1681 1120 Phi101.52,

182 1150 219 1188 p.
247 1139 340 1187 179)
372 1138 542 1177 dilucide
574 1138 793 1177 affirmatur.

297 1217 403 1263 Quas
433 1229 495 1255 res
525 1220 735 1268 teneamus,
776 1231 861 1257 cum
896 1220 936 1256 in
967 1219 1137 1258 carmina
1167 1219 1343 1258 versibus
1373 1220 1548 1258 Aeolicis
1579 1232 1681 1258 com-

182 1285 308 1335 posita
355 1286 603 1334 inquiramus.
679 1286 787 1331 Quae
836 1287 1012 1336 inprimis
1061 1288 1206 1326 ultimis
1255 1290 1393 1336 poetae
1439 1289 1550 1325 annis
1595 1291 1683 1325 sunt

182 1365 309 1402 neque
350 1366 399 1391 ex
440 1355 511 1401 eis,
553 1355 691 1402 quibus
731 1355 779 1402 is,
822 1356 887 1403 qui
926 1358 1154 1404 pertractet,
1194 1356 1346 1393 laetitia
1387 1359 1682 1394 commoveatur.

181 1423 282 1460 Nam
314 1424 373 1460 est
402 1434 524 1471 genus
555 1425 772 1461 contortum
803 1426 841 1460 et
870 1423 1136 1472 perturbatum
1168 1423 1248 1462 fere
1279 1436 1405 1473 neque
1437 1424 1553 1463 facile
1580 1426 1682 1474 quis-

183 1502 298 1540 quam
331 1502 352 1528 e
381 1490 503 1528 turb1s
535 1501 575 1528 se
608 1491 775 1540 expedit.

296 1627 482 1665 Heracl.
515 1627 606 1664 371.
674 1627 884 1676 Primuml)
926 1627 1030 1676 quod
1069 1630 1278 1667 tractemus
1319 1640 1491 1677 carmen,
1533 1629 1682 1679 epodus

183 1698 242 1734 est
272 1695 640 1743 He1-acl.37lsqq.,
671 1706 772 1743 quae
803 1696 973 1734 suaviter
1004 1695 1121 1735 afficit
1151 1708 1221 1734 nos
1252 1700 1340 1746 post
1370 1701 1491 1735 metra
1522 1697 1683 1736 confusa

182 1765 449 1813 perplexaque
490 1762 751 1812 stropharum,
792 1776 891 1812 quae
931 1768 1130 1813 praeeunt.
1189 1765 1329 1803 Forma
1370 1768 1448 1803 tam
1479 1767 1685 1815 perspicua

183 1835 251 1880 est,
281 1835 322 1870 ut
353 1831 401 1870 de
433 1832 624 1881 scriptura
655 1833 795 1870 certari
824 1845 902 1870 non
932 1834 1069 1882 possit:

390 2196 483 2234 375.
690 2139 705 2236 l
776 2216 990 2229 --ψψ-
1025 2215 1059 2229 υ
1093 2219 1127 2224 -
1202 2164 1209 2198 ¹

391 2539 482 2577 380.
864 2556 989 2571 ψψ-
1024 2556 1058 2571 ψ
1094 2561 1172 2566 --

300 2684 328 2726 ¹)
353 2683 463 2726 Hipp.
482 2682 664 2727 hymnum,
690 2693 799 2728 quem
825 2683 949 2717 dicunt
973 2686 1175 2728 venatores,
1201 2682 1260 2718 hic
1283 2683 1543 2728 praetermitto.
1592 2683 1682 2719 Nam

183 2742 282 2774 certe
311 2739 358 2774 ad
391 2739 719 2784 antiquissimorum
745 2740 938 2775 carminum
963 2740 1168 2785 exemplum
1194 2740 1439 2775 conformatus
1465 2744 1530 2784 est,
1563 2751 1681 2785 neque

181 2796 296 2831 verba
327 2805 446 2840 neque
475 2795 592 2831 forma
615 2797 800 2841 Euripidis
831 2796 891 2832 vel
923 2797 1037 2842 quinti
1067 2797 1204 2832 saeculi
1236 2801 1328 2832 sunt.
1378 2797 1591 2842 Congruunt
1614 2798 1683 2832 soli

181 2864 215 2889 v.
234 2856 386 2898 64sqq.:
411 2864 784 2889 -Ξ-ψψ--ψ-.
832 2853 967 2889 Similis
1001 2857 1058 2890 est
1081 2854 1216 2899 primus
1239 2864 1376 2898 versus,
1409 2854 1471 2899 qui
1500 2854 1617 2899 plane,
1643 2858 1683 2890 ut

1434 2923 1475 2958 3*
