1961 3179
262 140 343 178 440
1639 136 1754 186 [136]

264 264 376 300 quem
419 253 576 289 cantare
614 262 727 288 nemo
760 250 901 298 credat,
942 261 1068 299 neque
1098 261 1258 298 usquam
1288 249 1406 287 talem
1436 260 1599 298 versum,
1631 248 1756 297 qualis

264 332 298 359 v.
321 320 395 357 80:

716 381 1293 415 υ-υῌῙῌῐυ-ξψκ-ψ-

434 442 609 480 :1012
806 460 839 474 υ
900 450 903 483 1
1010 450 1109 483 υ-1
1171 459 1250 474 -Q

265 532 471 582 Euripides
516 532 633 571 choro
676 533 847 571 cantanti
888 531 1002 572 dedit.
1070 533 1150 569 Iam
1193 532 1290 570 alios
1330 531 1529 569 videamus
1569 542 1759 571 numeros

266 602 342 640 Ubi
372 601 566 639 invenitur
597 599 671 638 hoc
687 603 870 638 metrum:

787 691 1238 718 ψ--υ-ῐῑ-υ-υ-,

267 772 369 820 quod
401 773 448 809 ab
477 771 614 809 iambis
646 782 862 809 sermonem
893 769 1085 808 deducere
1117 769 1270 807 videtur
1301 769 1348 807 ad
1381 768 1609 807 dochmios‘?

379 852 460 888 Iam
499 850 559 888 his
602 851 770 888 metricis
811 850 935 888 causis
979 862 1022 887 eo
1065 849 1302 896 adducimur,
1341 851 1382 886 ut
1419 848 1493 886 hoc
1525 860 1680 886 carmen
1711 848 1759 886 ab

269 919 456 968 Euripide
488 918 761 956 abiudicemus.
822 917 898 956 Sed
929 918 1006 955 alia
1039 917 1239 963 accedunt,
1271 928 1369 964 quae
1391 916 1571 954 hocloco
1592 917 1762 954 breviter

266 987 496 1033 monuerim,
543 986 723 1035 quoniam
769 997 813 1023 eo
864 998 886 1022 a
935 986 1192 1023 trimetrorum
1234 985 1298 1021 via
1344 983 1484 1021 deflexi
1528 995 1596 1021 seu
1633 984 1761 1033 potius

266 1055 485 1093 necessario
518 1054 705 1092 deductus
737 1065 830 1093 sum.
889 1054 1014 1090 Breve
1046 1052 1259 1090 diverbium
1282 1052 1421 1100 Ooprei
1451 1054 1489 1089 et
1518 1051 1627 1098 Iolai,
1658 1051 1762 1100 quod

267 1122 462 1160 antecedit
492 1125 530 1160 et
561 1122 722 1159 alteram
753 1121 910 1170 prologi
940 1123 1088 1169 partem
1120 1121 1261 1168 explet,
1291 1120 1510 1157 mutilatum
1532 1121 1599 1158 est.
1657 1118 1762 1156 Illud

267 1189 481 1227 diverbium
512 1190 551 1226 in
579 1188 777 1237 Euripidis
808 1188 979 1237 prologis
1010 1187 1222 1236 legitimum
1254 1189 1310 1224 est
1341 1189 1378 1225 et
1407 1187 1665 1224 necessarium
1696 1198 1762 1224 ne-

268 1270 342 1306 que
385 1269 431 1295 ex
472 1257 554 1294 illis
597 1257 730 1305 paucis
772 1255 897 1293 verbis
930 1257 1105 1293 constare
1136 1257 1273 1304 potest.
1334 1254 1440 1300 Quae
1472 1254 1606 1303 desint,
1645 1253 1762 1292 facile

267 1325 532 1373 perspicimus.
592 1324 689 1362 Sunt
730 1324 830 1360 enim
872 1322 1017 1369 eadem,
1059 1334 1157 1370 quae
1197 1323 1273 1359 iam
1305 1321 1420 1360 choro
1450 1322 1491 1359 in
1522 1322 1658 1360 cantici
1687 1321 1762 1360 fine

270 1392 496 1430 tribuuntur.
555 1391 681 1428 Etiam
723 1390 798 1427 hoc
839 1389 1052 1427 diverbium
1093 1400 1170 1426 non
1210 1388 1406 1437 Euripidis
1449 1390 1515 1436 est,
1556 1388 1623 1426 sed
1664 1389 1763 1426 alius

272 1459 425 1508 quidam
474 1470 520 1496 ex
569 1459 733 1507 prologo
775 1458 987 1495 detractum
1041 1457 1169 1506 posuit
1207 1456 1281 1495 hoc
1333 1458 1420 1494 loco
1459 1456 1592 1505 paucis
1635 1457 1764 1495 verbis

271 1527 436 1566 mutatis.
508 1525 702 1563 Parodum
742 1526 869 1574 igitur,
912 1537 1026 1573 quam
1067 1524 1270 1573 Euripides
1311 1525 1532 1573 composuit,
1572 1536 1651 1562 non
1688 1524 1763 1562 iam

271 1595 475 1643 habemus,
520 1596 561 1631 ut
607 1594 734 1631 omnia
779 1593 889 1632 huius
930 1593 1085 1631 fabulae
1126 1594 1278 1631 cantica
1319 1593 1367 1630 ab
1407 1594 1491 1642 ipso
1531 1596 1647 1643 poeta
1687 1605 1764 1631 non

272 1662 452 1700 videntur
483 1663 700 1711 conscripta
731 1673 825 1702 esse,
884 1663 1004 1699 Immo
1034 1662 1105 1699 illa
1135 1661 1269 1698 fabula
1299 1661 1413 1710 periit
1443 1664 1481 1698 et
1511 1661 1560 1698 ad
1595 1663 1765 1699 nostram

271 1734 436 1769 aetatem
477 1730 577 1768 nihil
618 1731 758 1768 mansit
795 1730 869 1767 nisi
901 1741 996 1779 opus
1026 1730 1066 1767 in
1097 1732 1301 1779 angustum
1332 1732 1518 1770 coactum,
1576 1729 1765 1778 Imprimis

272 1813 341 1849 pro
386 1800 544 1837 canticis
590 1799 637 1835 ab
674 1798 859 1846 Euripide
905 1797 1089 1835 confectis
1133 1797 1313 1835 breviora
1351 1798 1497 1835 inserta
1535 1799 1638 1844 sunt,
1679 1808 1765 1834 cum

274 1869 386 1906 docta
416 1867 594 1905 videatur
624 1867 745 1904 haece
774 1866 908 1904 fabula
939 1866 992 1904 eis
1023 1865 1268 1914 temporibus,
1300 1865 1436 1913 quibus
1468 1864 1606 1902 chorus
1634 1865 1674 1902 in
1705 1876 1765 1902 or-

273 1936 425 1974 chestra
456 1936 502 1973 ab
534 1936 618 1984 ipsa
648 1946 789 1972 scaena
820 1934 1009 1971 disiuncta
1039 1933 1207 1971 saltabat
1237 1933 1376 1970 eteius
1398 1933 1549 1970 cantica
1570 1933 1766 1981 antiquam

274 2004 350 2040 vim
381 2003 599 2043 amiserant.
659 2003 766 2048 Quae
796 2014 858 2040 res
887 2003 963 2039 iam
995 2001 1135 2039 diutius
1166 2004 1372 2050 perspecta
1398 2001 1512 2038 etiam
1533 1999 1606 2038 hac
1628 2000 1766 2038 disser-

274 2071 489 2108 tatiuncula
520 2070 774 2109 confirmatur.

388 2219 494 2258 Hec.
522 2217 638 2257 1024,
688 2217 732 2254 111
754 2217 848 2256 Hec.
869 2216 988 2253 breve
1011 2216 1198 2253 canticum
1221 2215 1480 2264 astrophicum
1501 2227 1537 2254 v.
1562 2215 1668 2252 1024
1682 2227 1768 2263 sqq.

276 2286 413 2334 incipit
444 2285 491 2322 ab
523 2284 596 2323 hoc
626 2285 798 2322 trimetro
829 2284 1013 2321 iambico:

821 2383 854 2396 ψ
934 2382 1168 2395 υνυκνν
1227 2381 1324 2403 ψ<,

278 2469 390 2504 quom
422 2456 589 2494 dochmii
620 2458 840 2504 sequuntur.
892 2457 1036 2493 Rursus
1066 2466 1219 2492 versum
1254 2455 1360 2490 1032
1392 2453 1495 2490 idem
1526 2453 1767 2502 coryphaeus

277 2525 428 2561 locutus
461 2526 528 2570 est,
560 2524 630 2561 etsi
662 2529 742 2561 arte
775 2524 1000 2560 coniunctus
1031 2522 1183 2559 videtur
1214 2533 1299 2559 cum
1331 2520 1518 2559 dochmiis
1549 2532 1647 2569 sqq.:

754 2625 761 2627 —
820 2620 853 2632 ψ
916 2611 917 2619 ’
1024 2619 1057 2632 υ
1137 2618 1170 2632 υ
1228 2619 1260 2632 ψ

279 2693 416 2740 Neque
457 2703 549 2729 vero
591 2691 664 2729 hac
707 2703 748 2728 re
788 2691 969 2738 adducor,
1009 2694 1051 2728 ut
1081 2693 1197 2728 totam
1230 2691 1517 2728 cantiunculam
1547 2688 1767 2738 coryphaeo

281 2759 458 2797 tribuam.
517 2759 617 2795 Nam
649 2759 790 2807 optimc
813 2771 868 2805 ea,
901 2770 984 2795 cum
1008 2758 1168 2795 actionis
1189 2759 1371 2795 lacunam
1392 2758 1558 2806 expleat,
1588 2756 1769 2794 incitatur
