1961 3179
281 190 361 228 456
1654 183 1768 236 [152]

282 314 413 340 omnes
455 314 540 339 eum
579 313 732 339 versum
773 301 990 348 recitarent,
1031 300 1104 337 nisi
1134 301 1173 337 in
1204 300 1371 338 carmine
1402 299 1628 337 dochmiaeo
1658 310 1769 347 repe-

281 371 410 418 rirent,
441 370 480 406 in
512 381 586 417 quo
618 368 749 406 omnia
778 368 946 406 solemus
976 370 1098 406 metra
1125 367 1389 405 dochmiorum
1411 368 1551 406 similia
1573 365 1770 404 dochmios

281 440 427 487 putare.
486 437 555 474 Est
585 437 686 474 enim
717 436 900 473 dimetrus
931 435 1116 476 creticus:

845 521 1212 556 ψυυ-Ιυυυ--,

283 596 346 644 qui
388 595 542 643 saepius
582 594 778 632 invenitur
818 593 921 642 apud
957 592 1179 641 Euripidem
1221 593 1366 641 positus
1407 593 1507 630 inter
1547 591 1693 629 iambos
1735 594 1774 629 et

283 663 491 710 dochmios,
523 674 608 699 cum
639 662 709 699 illo
740 661 944 698 traducere
974 660 1150 698 videatur
1171 663 1330 697 metrum
1353 662 1471 709 poeta
1492 661 1539 697 ab
1560 660 1772 697 iamborum

284 731 480 779 aequabili
508 730 614 766 fluxu
644 729 694 766 ad
725 729 909 766 excitatos
941 730 978 765 et
1007 728 1199 775 inquietos
1230 739 1364 766 versus
1396 727 1697 775 dochmiacos1).

396 797 542 835 Eodem
574 797 673 834 enim
704 798 793 834 loco
824 796 927 833 idem
948 807 1083 833 versus
1106 798 1212 833 extat
1228 795 1258 843 2)
1279 796 1319 832 in
1339 796 1455 844 Hipp.
1476 807 1511 832 v.
1535 795 1773 832 362—669:

487 890 551 925 str.
757 880 847 933 ἄιες
878 878 925 935 ὤ,
959 880 1110 932 ἔκλυες
1141 878 1178 924 ὢ

761 947 1010 1009 ἀνήκουστα
1041 952 1119 1001 τᾶς

758 1017 985 1074 τυράννου
1015 1015 1141 1073 πάθη

757 1087 888 1141 μέλεα
918 1086 1166 1141 θρευμένας
1179 1089 1209 1138 3)

488 1184 563 1218 ant.
759 1175 944 1225 τάλανες
976 1171 1012 1218 ὦ
1043 1184 1301 1230 κακοτυχεῖς

760 1246 986 1299 γυναικῶν
1016 1241 1194 1298 πότμοι.

759 1308 844 1353 τίν’
876 1302 930 1354 αὑ
960 1313 1048 1353 νῦν
1078 1311 1234 1366 τέχναν

763 1377 916 1434 ἔχομεν
942 1378 1134 1428 ἐλπίδος.

286 1473 586 1513 Concedendum
615 1475 779 1521 utroque
810 1473 897 1510 loco
927 1483 1005 1509 non
1025 1483 1139 1520 posse
1161 1471 1373 1519 diiudicari,
1403 1474 1529 1509 utrum
1551 1472 1778 1510 ereticorum

289 1555 337 1580 an
354 1541 600 1580 bacchiorum
621 1551 779 1577 numero
799 1550 933 1578 versus
954 1538 1123 1577 habendi
1145 1540 1220 1577 sint
1232 1539 1274 1588 4),
1295 1540 1520 1588 praesertim
1541 1551 1637 1587 eum,
1657 1542 1700 1577 ut
1718 1539 1778 1577 his

285 1611 391 1656 locis,
424 1611 461 1646 et
490 1608 640 1646 bacchii
662 1610 699 1645 et
721 1608 851 1645 cretici
873 1608 1118 1655 (quamquam
1139 1619 1217 1644 non
1237 1608 1359 1653 toties,
1391 1608 1540 1655 quoties
1562 1608 1778 1656 anapaesti)

287 1678 439 1714 soleant
467 1676 673 1713 verborum
702 1674 840 1712 finibus
861 1675 1058 1711 terminari
1073 1671 1114 1726 5).
1174 1676 1324 1712 Tamen
1346 1676 1520 1721 creticos,
1551 1686 1636 1712 cum
1658 1676 1778 1712 multo

288 1746 361 1782 siut
391 1744 614 1791 crebriores,
644 1746 750 1780 reete
783 1743 894 1780 etiam
925 1742 988 1780 hic
1019 1742 1136 1779 statui
1165 1746 1269 1791 puto.

401 1812 548 1850 Eodem
580 1811 692 1848 modo
723 1810 913 1858 legendus
945 1812 1001 1847 est
1031 1809 1176 1847 Phoen.
1208 1822 1242 1847 v,
1267 1811 1372 1847 320:

790 1893 816 1953 ἦ
848 1895 1065 1947 ποθεινὸς
1096 1898 1242 1950 (μ’λοις

791 1957 816 2021 ἦ
848 1963 1064 2014 ποθεινὸς
1100 1960 1274 2021 Θήβαις,

411 2093 435 2134 ¹)
462 2091 520 2125 Sic
548 2090 654 2124 etiam
679 2090 744 2123 Ion
770 2100 802 2123 v.
825 2093 920 2133 1457,
947 2099 1053 2133 quem
1077 2089 1147 2123 hoc
1171 2089 1280 2123 modo
1305 2089 1508 2133 perscribo:

554 2168 814 2182 ψψψψψψ
830 2157 1513 2191 1υ-υ-Ιυυυ-Ι-υυ---.

406 2228 432 2267 2)
459 2226 593 2260 lisdem
619 2225 761 2259 creticis
786 2228 915 2269 postea
933 2236 964 2259 v.
985 2228 1048 2259 366
1068 2224 1316 2259 doehmiorum
1334 2235 1475 2259 cursum
1488 2225 1658 2259 redardat
1673 2227 1782 2269 poeta

290 2287 325 2317 et
350 2283 395 2317 ad
420 2283 558 2317 iambos
583 2282 792 2317 revertitur:

403 2489 431 2530 ³)
457 2486 509 2522 Cf.
536 2487 581 2521 de
607 2487 784 2530 scriptura
809 2496 917 2530 supra
940 2497 974 2530 p.
994 2489 1047 2521 58.

403 2545 431 2586 ⁴)
456 2544 505 2578 Ut
529 2543 683 2587 saepius.
732 2541 784 2577 Cf.
810 2541 943 2576 Phoen.
973 2544 1052 2576 113:
1080 2536 1120 2582 ὃς
1145 2537 1200 2575 ἐπ’
1226 2536 1320 2584 ἐμὰν
1344 2536 1455 2575 πόλιν
1479 2536 1548 2586 ἔβα
1573 2538 1735 2586 πέρσωνε

711 2621 1371 2654 ψυυ-(υψψ-)Ιψυκκ---.

404 2690 432 2732 ⁵)
458 2688 511 2724 Cf.
529 2689 564 2723 in
589 2699 693 2723 carm.
719 2689 879 2723 doehm.:
906 2692 991 2723 eret.
1016 2688 1104 2722 Hec.
1125 2691 1220 2723 1081.
1246 2688 1351 2723 Herc.
1377 2691 1451 2722 897.
1479 2690 1554 2722 915.
1581 2689 1656 2721 921.
1684 2689 1781 2722 1196.

296 2748 380 2780 1204
414 2749 450 2780 et
481 2746 603 2780 multis
637 2746 715 2780 aliis
747 2746 858 2789 locis3
905 2744 1029 2780 bacch.
1075 2745 1159 2779 Tro.
1186 2748 1261 2779 321.
1309 2744 1375 2779 Ion
1403 2747 1499 2778 1465.
1546 2743 1680 2778 Phoen.
1709 2746 1782 2779 187.

293 2801 422 2837 Bacch.
451 2804 699 2836 1181—1197.
