1961 3179
252 132 332 170 324
1652 126 1738 178 [20]

363 427 504 465 Altera
542 425 723 475 periodus
764 425 812 463 ab
852 426 980 463 alieno
1020 435 1153 473 versu,
1193 437 1216 462 a
1254 424 1432 462 dochmio
1471 423 1739 461 interiectione

251 495 467 544 anteposita
512 494 719 532 exorditur.
787 494 903 532 Cuius
944 493 1047 530 modi
1086 503 1218 530 versus
1257 495 1367 530 extra
1404 503 1586 529 numeros
1624 491 1741 540 positi

251 562 491 601 concedendi
531 565 619 600 sunt
648 574 775 610 neque
804 562 845 599 in
874 561 1077 599 formulam
1108 560 1233 609 redigi
1261 562 1434 609 possunt.
1493 560 1596 597 Fieri
1625 558 1740 597 etiam

250 634 388 681 potest,
433 633 473 668 ut
518 642 671 668 versum
712 629 848 667 eodem
887 629 1001 667 modo
1040 629 1258 676 recitemus,
1300 640 1375 677 quo
1415 627 1558 665 Troad.
1593 639 1630 667 v.
1658 626 1739 664 562

251 699 313 748 (of.
340 712 376 748 p.
407 697 492 750 15);
535 710 768 747 quamquam
807 710 857 735 ne
898 698 950 735 sie
990 697 1144 746 quidem
1183 697 1286 734 ultra
1325 695 1609 745 progredimur,
1654 706 1740 733 eum

250 767 366 805 etiam
402 766 466 804 hio
506 778 639 804 versus
668 777 746 803 non
776 765 933 812 habeat,
975 765 1036 803 eui
1064 764 1309 813 respondeat.
1339 785 1394 790 —
1424 762 1577 801 Deinde
1607 773 1740 800 versus

251 848 273 872 a
299 835 323 872 b
364 837 590 883 sequuntur,
642 834 707 882 qui
745 846 768 871 a
807 832 1029 882 eoryphaeo
1074 832 1160 870 vice
1204 843 1318 869 versa
1367 831 1655 879 continuantur,
1698 832 1741 867 ut

248 903 371 952 figura
403 905 508 941 extet
538 902 648 942 abba.

363 983 497 1021 Tertia
536 982 718 1031 periodus
758 982 895 1019 iterum
934 981 1105 1018 variatur
1140 980 1365 1029 interposito
1396 979 1568 1017 trimetro
1601 978 1740 1027 342s3,

251 1063 363 1099 quem
402 1051 484 1088 iure
514 1062 592 1088 non
622 1052 715 1098 puto
748 1049 921 1087 dividere
953 1049 1120 1087 editores
1149 1047 1190 1084 in
1221 1047 1295 1085 duo
1326 1046 1587 1093 hemistichia,
1627 1057 1739 1095 prae-

250 1119 380 1156 sertim
422 1129 506 1155 cum
544 1118 686 1167 optime
721 1116 957 1166 respondeat
992 1115 1121 1153 versui
1153 1115 1244 1155 332.
1304 1115 1473 1153 ansura
1509 1116 1635 1151 autem
1673 1112 1739 1151 ad-

249 1186 404 1224 modum
435 1186 530 1223 dura
561 1185 686 1223 medio
717 1186 756 1222 in
787 1196 912 1233 versu,
944 1184 1118 1233 quamvis
1149 1183 1309 1230 alliciat,
1339 1184 1572 1220 momentum
1602 1182 1740 1219 afferre

248 1266 327 1291 non
362 1256 505 1303 potest,
546 1266 631 1291 eum
668 1265 820 1290 versum
850 1270 1110 1284 υ--υ-υ-
1141 1251 1216 1289 nisi
1252 1263 1300 1288 ex
1330 1250 1517 1288 doohmiis
1548 1250 1740 1288 deducere

247 1334 495 1371 nequeamus.
544 1323 603 1359 De
639 1322 828 1371 scriptura
857 1321 951 1359 mihi
979 1333 1058 1358 non
1087 1319 1241 1357 videtur
1271 1318 1437 1357 dubitari
1466 1330 1590 1368 posse.
1638 1319 1740 1356 Tota

247 1391 364 1440 igitur
392 1389 575 1440 periodus
605 1390 678 1428 hae
710 1393 767 1428 est
796 1389 935 1428 forma:

453 1515 545 1553 340.
959 1526 982 1551 a
1002 1513 1027 1551 b

941 1582 1040 1620 trim.

937 1650 961 1687 b
982 1650 1006 1687 b
1028 1650 1051 1687 b

453 1718 545 1758 347.
981 1731 1005 1755 a

360 1845 442 1881 Iam
472 1844 591 1881 multo
625 1842 846 1880 difficiliora
876 1845 1092 1881 occurrunt.
1141 1843 1296 1880 Initium
1325 1841 1471 1880 faciunt
1492 1841 1566 1879 duo
1589 1840 1740 1878 dimetri

245 1912 432 1949 trochaici
463 1911 618 1949 deducti
649 1924 669 1948 e
700 1923 816 1949 versu
842 1911 877 1958 h,
907 1914 949 1948 ut
975 1911 1050 1948 iam
1074 1923 1191 1959 supra
1211 1910 1386 1947 vidimus.
1436 1909 1595 1958 Longae
1616 1919 1739 1956 usque

243 1981 396 2017 solutae
428 1980 594 2017 animum
625 1979 780 2016 anxium
810 1979 1150 2027 turbulentumque
1182 1977 1406 2027 depingunt.

719 2100 1228 2135 υψυψυυΙυυψυυυ

720 2179 832 2193 &dxxv
861 2184 894 2188 -—
923 2171 1103 2201 &almvm
1132 2183 1167 2187 —
1197 2178 1230 2191 υ

249 2275 355 2321 Quae
387 2278 609 2324 sequuntur,
641 2276 839 2313 nonnullis
870 2275 962 2313 viris
984 2275 1108 2312 doctis
1129 2286 1177 2312 ne
1199 2285 1354 2312 sensum
1375 2272 1530 2321 quidem
1550 2271 1738 2321 praebere

246 2344 329 2381 visa
359 2347 456 2381 sunt.
517 2343 591 2389 Qui
620 2346 741 2381 totum
772 2344 901 2381 locum
933 2342 1249 2380 excitatissimum
1279 2353 1362 2379 esse
1393 2340 1614 2389 neglexisse
1644 2338 1739 2376 mihi

249 2411 435 2449 videntur.
494 2412 576 2459 „Te
606 2412 755 2458 invoco,
786 2413 824 2448 te
855 2413 985 2458 testor,
1016 2411 1201 2448 Eurotam
1229 2409 1372 2448 flavum
1402 2407 1590 2446 arundine
1621 2418 1738 2455 aqua-

246 2479 338 2516 tica:
380 2480 412 2516 si
451 2480 525 2516 ista
564 2479 667 2517 fama
706 2479 845 2516 mortui
884 2479 1011 2516 mai-Iti
1050 2490 1145 2516 vera
1182 2480 1239 2516 est
1267 2478 1346 2504 --“
1387 2476 1460 2515 Ch:
1504 2474 1636 2524 „Quae
1664 2475 1738 2512 ista

248 2546 433 2583 obseura“
469 2548 535 2584 vel
565 2548 679 2585 etiam
705 2547 961 2595 „dementia“.
1011 2547 1121 2584 Duae
1150 2557 1289 2584 causae
1317 2544 1474 2582 chorum
1496 2554 1738 2581 commovere

246 2616 453 2661 potuerunt
482 2617 523 2651 ut
554 2627 599 2652 ea
629 2616 826 2655 insereret.
875 2615 1052 2652 Helenae
1074 2615 1175 2652 enim
1196 2614 1316 2652 verba
1336 2613 1451 2650 etiam
1472 2612 1526 2649 sic
1548 2610 1738 2660 quispiam

247 2683 375 2728 potest
412 2682 673 2730 interpretari:
734 2683 815 2731 „Te
854 2683 1010 2730 invoco,
1052 2694 1099 2720 ex
1135 2685 1173 2719 te
1211 2693 1371 2730 quaero,
1413 2691 1504 2717 num
1533 2679 1608 2716 ista
1636 2677 1739 2715 fama

247 2760 340 2785 vera
380 2749 461 2786 sit.“
525 2749 632 2795 Quae
668 2759 714 2789 re
753 2762 845 2788 vera
886 2750 1066 2797 obseura,
1106 2750 1238 2798 inepta
1278 2751 1376 2787 sunt.
1436 2746 1587 2785 Deinde
1623 2745 1738 2784 etiam
