1961 3179
315 141 396 178 448
1693 139 1805 190 [144]

316 265 407 290 vero
437 252 587 290 laetitia
609 252 752 290 adest.“
817 252 915 290 Tum
938 252 1089 290 demum
1112 253 1162 290 ad
1183 252 1340 290 chorum
1362 264 1474 291 versa
1494 264 1633 291 canere
1655 252 1805 301 incipit,

318 323 445 358 autem
474 323 610 369 postea
640 332 794 370 quoque
825 322 1008 369 loquitur.
1067 321 1249 359 Trimetri
1279 321 1381 358 enim
1411 320 1610 358 abundant
1640 320 1807 368 syllabis

317 388 525 437 productis.
585 389 760 426 Helenae
792 389 913 427 verba
944 389 1057 438 (632)
1089 402 1112 426 a
1142 389 1288 437 dialogi
1309 389 1467 427 senariis
1488 399 1666 426 numeros
1688 387 1807 425 dedu-

317 458 408 494 cunt
446 456 495 493 ad
535 468 668 494 versus
710 457 870 504 lyricos,
911 457 1070 495 iteratur
1110 457 1280 505 graviter
1318 457 1511 494 trimetrus
1549 455 1662 495 iamb.
1704 457 1808 493 cata-

316 524 496 571 lecticus,
552 537 574 561 a
618 536 692 572 quo
735 524 870 562 eodem
918 524 977 562 bis
1017 525 1143 573 posito
1185 525 1297 561 etiam
1338 525 1539 562 Menelaus
1579 523 1620 560 in
1659 535 1694 560 v.
1727 523 1806 560 636

318 594 474 629 cantare
504 592 650 640 incipit.
710 591 785 637 Qui
825 593 976 641 saepius
1019 592 1067 629 ad
1108 604 1322 630 sermonem
1358 592 1469 629 redit.
1529 591 1642 637 Quod
1671 591 1808 628 mirum

318 671 397 696 non
429 662 497 707 est,
529 672 613 697 cum
635 660 811 698 Helenae
832 663 1008 698 naturam
1030 660 1103 698 hoc
1126 661 1293 698 carmine
1313 662 1426 709 poeta
1448 660 1571 697 oculis
1591 670 1808 708 proponere

316 728 494 774 voluerit,
524 739 601 765 non
632 728 820 775 Menelai3
851 728 993 776 ubique
1023 729 1223 766 Menelaus
1255 728 1302 765 ab
1331 729 1483 765 Helena
1514 728 1656 776 quippe
1685 727 1808 776 prima

316 807 493 843 persona,
524 798 565 832 ut
595 797 648 833 ita
677 796 812 843 dicam,
855 796 1088 834 obscuratur.
1148 796 1273 833 Etiam
1295 795 1477 833 hocloco
1499 795 1668 832 Menelai
1688 794 1809 832 verba

316 863 418 900 nihil
439 864 513 901 nisi
530 863 819 901 fundamentum
841 864 1030 913 praebent
1046 865 1222 901 Helenae
1240 864 1389 902 cantico
1408 865 1444 901 et
1461 863 1624 901 consilio
1641 862 1807 911 quodam

316 933 432 979 poeta
463 932 543 969 eius
573 934 722 980 partem
753 944 831 969 non
863 932 997 969 eodem
1028 931 1141 969 modo
1174 931 1392 969 elaboravit
1422 943 1536 979 quam
1566 931 1754 970 Helenae.

430 999 520 1036 Non
562 1002 787 1037 cantantur:
828 1012 862 1038 v,
888 1000 1047 1047 646sq.,
1090 999 1168 1037 652
1183 1011 1238 1047 sq.
1307 1000 1366 1036 De
1405 999 1580 1036 Helenae
1621 1009 1807 1047 responso

319 1066 463 1114 dubito,
495 1079 581 1104 cum
611 1068 773 1105 trimetri
803 1067 925 1105 forma
956 1069 1187 1104 momentum
1218 1079 1296 1104 non
1327 1067 1471 1104 afferat.
1529 1066 1613 1103 Etsi
1641 1065 1750 1103 hiatu
1771 1068 1809 1103 et

318 1135 474 1182 syllaba
502 1135 611 1173 brevi
642 1136 812 1183 graviter
842 1135 1016 1172 senarius
1049 1134 1247 1182 dirimitur,
1279 1135 1469 1172 canticum
1500 1146 1578 1171 non
1606 1134 1808 1172 interrum-

318 1215 418 1251 pam,
461 1203 573 1240 etiam
614 1204 784 1240 Menelai
823 1214 986 1250 versum,
1028 1203 1092 1251 qui
1132 1203 1315 1250 sequitur,
1357 1203 1487 1240 cantui
1515 1203 1692 1251 tribuam,
1723 1213 1808 1239 cum

317 1271 381 1307 vix
430 1271 633 1319 quisquam
675 1283 791 1308 unum
832 1283 984 1308 versum
1026 1270 1292 1308 dochmiacum
1334 1271 1412 1308 659
1455 1273 1650 1308 cantatum
1688 1272 1807 1319 putet.

319 1339 476 1376 Ceteros
508 1342 667 1376 cunctos
697 1340 869 1376 Menelai
900 1351 1033 1377 versus
1075 1340 1185 1388 (663.
1219 1339 1310 1376 665.
1343 1340 1434 1375 669.
1468 1339 1560 1375 672.
1592 1339 1683 1376 675.
1716 1339 1807 1375 679.

320 1407 411 1443 683.
444 1407 535 1443 688.
569 1407 678 1455 691.)
718 1407 984 1455 pronuntiavit
1023 1406 1158 1444 histrio
1198 1419 1323 1455 neque
1353 1407 1457 1444 ullus
1488 1417 1621 1444 versus
1652 1406 1809 1454 syllaba

318 1476 423 1511 caret
452 1473 642 1522 producta
671 1477 826 1523 praeter
854 1487 889 1514 v.
923 1475 1013 1512 663.

430 1609 599 1647 Phoen.
626 1610 714 1646 103.
773 1611 818 1647 In
849 1609 993 1649 Phoen.
1015 1609 1286 1659 teichoscopia,
1319 1610 1414 1647 mira
1443 1611 1516 1647 illa
1538 1611 1648 1659 epica
1668 1622 1809 1648 scaena

318 1677 443 1714 medio
465 1677 503 1713 in
524 1679 701 1726 poemate
723 1677 945 1723 dramatico,
968 1678 1218 1726 paedagogus
1239 1678 1379 1726 ubique
1400 1678 1580 1726 loquitur,
1610 1678 1809 1726 Antigona

318 1748 463 1791 cantat,
508 1745 625 1783 habet
675 1748 802 1783 autem
841 1747 1050 1783 nonnullos
1096 1746 1282 1793 senarios,
1333 1747 1397 1794 qui
1436 1745 1561 1784 adhuc
1601 1758 1679 1784 non
1714 1746 1808 1784 satis

317 1816 497 1850 accurate
530 1814 782 1862 seiunguntur
812 1827 834 1851 a
864 1815 1026 1862 reliquis
1057 1814 1241 1863 partibus.

431 1893 475 1929 V.
495 1893 570 1929 123
584 1905 638 1940 sq.
689 1892 911 1930 Dindorfius
928 1896 1032 1930 recte
1050 1892 1206 1930 delevit.
1251 1893 1351 1930 Nam
1368 1894 1489 1930 multa
1505 1895 1602 1941 sunt,
1617 1894 1657 1930 in
1671 1893 1808 1941 quibus

317 1959 548 1997 haesitemus
560 1972 718 1998 necesse
731 1963 797 1998 est.
828 1961 1027 2009 Antigona
1040 1961 1239 2008 quaesivit,
1252 1961 1335 2009 quis
1346 1962 1414 1998 ille
1429 1963 1538 2010 esset,
1551 1961 1616 2009 qui
1626 1955 1808 2013 πρόπαρ

318 2025 480 2078 ἁγεῖται
506 2027 715 2079 στρατοῦ,
746 2029 768 2065 i.
791 2040 821 2065 e.
843 2029 907 2076 qui
927 2029 1032 2065 iuxta
1054 2026 1177 2081 (παρ)
1198 2028 1359 2077 primum
1382 2029 1502 2079 (προ)
1525 2029 1686 2066 militum
1708 2027 1808 2065 ordi-

317 2107 404 2132 nem
425 2118 479 2122 ——
500 2099 541 2133 ut
572 2097 699 2134 solent
725 2096 842 2134 duces
863 2119 918 2122 —
939 2096 1247 2145 progrederetur.
1305 2097 1441 2145 Inepte
1464 2097 1580 2145 igitur
1599 2095 1809 2145 respondet

316 2162 587 2211 paedagogus:
631 2159 836 2215 λοχαγός,
878 2156 914 2202 ὦ
956 2162 1167 2203 δέσποινα
1183 2163 1211 2213 ¹)
1253 2175 1337 2201 cum
1377 2164 1496 2201 verba
1536 2159 1718 2216 πρόπαρ
1759 2157 1809 2211 ὃς

317 2220 483 2281 ἁγεῖται
517 2229 710 2282 στρατοῦ
752 2232 876 2268 soluto
918 2243 1093 2269 sermone
1132 2231 1285 2268 reddita
1313 2232 1431 2280 plane
1461 2231 1563 2269 idem
1595 2231 1808 2280 significent

319 2297 421 2345 quod
452 2293 646 2350 λοχαγός.
706 2297 781 2344 Qui
811 2298 912 2336 hunc
943 2310 1097 2336 versum
1129 2300 1350 2348 composuit,
1381 2299 1531 2337 nescire
1553 2300 1677 2337 voluit
1696 2299 1806 2337 Anti-

320 2376 470 2413 gonam,
503 2365 594 2413 quid
626 2366 860 2414 significaret
895 2366 1141 2415 „lochagus,“
1177 2379 1266 2403 nam
1296 2366 1396 2403 idem
1429 2367 1510 2403 sine
1533 2366 1648 2404 dubio
1670 2367 1807 2404 iterum

320 2432 359 2467 in
390 2444 424 2468 v.
450 2432 539 2468 148.
572 2434 660 2470 ante
691 2444 807 2470 unum
838 2433 998 2470 verbum
1020 2429 1207 2484 λοχαγός
1227 2433 1445 2481 paedagogi
1467 2432 1645 2481 praefixit
1664 2435 1807 2471 notam.

431 2499 639 2537 Praeterea
677 2512 724 2538 ex
764 2501 938 2538 versibus
978 2512 1060 2548 sqq.
1093 2501 1188 2548 (133
1221 2503 1258 2538 et
1289 2501 1385 2549 sim.)
1425 2502 1586 2548 apparet
1625 2512 1690 2538 eos
1730 2512 1809 2538 non

318 2566 487 2614 potuisse
520 2568 675 2615 cantari,
716 2568 756 2604 in
786 2568 1009 2616 Antigonae
1050 2571 1176 2605 autem
1212 2568 1340 2606 verbis
1371 2567 1444 2606 hoc
1474 2568 1565 2605 loco
1595 2567 1807 2616 productae

434 2711 462 2752 1)
489 2707 663 2744 δέσποινα
697 2710 804 2744 etiam
837 2721 870 2745 v.
900 2713 972 2745 173.
1020 2711 1182 2755 Reliquis
1215 2710 1305 2745 locis
1337 2721 1481 2754 semper
1505 2707 1646 2753 τέκνον,
1676 2701 1705 2744 ὦ
1727 2714 1805 2752 παῖ,

318 2759 483 2809 mipene
509 2768 545 2800 et
569 2766 645 2800 sim.
671 2766 908 2801 inveniuntur.
