1961 3179
187 275 305 339 [111]
1601 281 1684 319 415

186 399 311 436 ornati
352 398 498 447 dialogi
538 400 698 436 senariis
739 398 884 437 similes
924 401 1022 445 sunt,
1063 398 1102 435 in
1142 398 1266 436 altero
1307 401 1434 436 autem
1471 399 1556 448 pari
1585 398 1683 436 haec

184 466 438 516 respondent:

612 544 1088 577 xa—-v—leV—lgy
1117 558 1151 562 ..-
1180 553 1257 567 x.)—

185 694 262 732 Ubi
294 706 379 732 cum
411 694 539 742 longis
571 695 706 732 solutis
738 694 840 732 haud
883 696 1044 732 multum
1075 695 1256 732 tribuisse
1288 695 1488 733 videamus
1518 697 1685 744 poetam,

186 774 231 800 eo
263 763 385 810 magis
415 762 603 811 ancipites
635 763 810 810 syllabas
839 775 992 812 semper
1023 764 1161 801 breves
1194 774 1276 801 esse
1309 764 1444 800 mirum
1475 766 1542 801 est.

298 911 404 949 Hec.
437 911 530 952 651.
589 912 649 949 De
691 912 784 950 Hec.
816 911 941 961 epodo
983 925 1016 950 a.
1046 925 1082 949 v.
1106 912 1184 949 649
1226 913 1302 949 iam
1342 913 1489 961 egimus
1530 912 1581 961 (p.
1604 911 1685 961 37),

186 979 294 1017 cuius
324 979 461 1017 tertius
493 991 627 1018 versus
657 979 720 1018 hic
751 982 810 1018 est
839 981 955 1018 trim.:

623 1077 828 1091 υυυυυ
843 1067 847 1101 ι
863 1077 896 1091 υ
908 1082 942 1086 -
954 1078 988 1091 ψ
1002 1083 1031 1086 -
1068 1077 1102 1091 ψ
1113 1082 1147 1086 -
1159 1078 1193 1091 υ
1208 1082 1237 1087 -
1251 1087 1258 1097 .

185 1139 251 1187 qui
281 1151 304 1176 a
335 1138 503 1187 dactylis
534 1138 651 1177 facile
682 1139 905 1188 seiungitur.

298 1287 363 1324 He
377 1299 408 1325 c.
441 1288 533 1325 950.
593 1288 782 1326 Brevibus
823 1288 958 1326 solutis
1002 1288 1052 1326 ad
1091 1300 1212 1337 genus
1249 1289 1429 1327 melicum
1459 1288 1686 1327 referendus

185 1358 242 1393 est
271 1356 409 1393 iterum
440 1357 480 1393 in
511 1356 636 1405 epodo
667 1357 860 1394 trimetrus
890 1369 925 1395 v.
949 1357 1040 1405 950,
1071 1357 1103 1394 si
1133 1357 1288 1405 quidem
1319 1369 1454 1396 versus
1475 1357 1531 1395 ita
1553 1357 1686 1395 distin-

185 1424 335 1472 guimus
366 1426 407 1461 ut
438 1424 606 1462 editores
637 1425 774 1462 solent.
834 1425 984 1462 Tamen
1024 1424 1098 1463 hoc
1138 1427 1226 1463 loco
1266 1437 1329 1463 res
1366 1425 1598 1464 difficillima
1629 1427 1687 1463 est

184 1503 311 1540 neque
342 1492 391 1530 ad
424 1505 508 1531 eam
539 1494 816 1541 quaestionem,
848 1493 896 1531 de
928 1505 1004 1543 qua
1035 1494 1193 1542 agimus,
1225 1494 1430 1542 quicquam
1451 1493 1579 1541 refert,
1611 1493 1685 1531 hoc

185 1560 315 1599 alione
347 1560 460 1599 modo
492 1573 627 1600 versus
659 1561 897 1599 dirimantur.

299 1709 458 1759 Suppl.
491 1710 555 1750 71.
613 1710 653 1748 A
683 1709 855 1748 trimetro
886 1710 1021 1759 incipit
1049 1710 1165 1748 tertia
1186 1710 1321 1759 Suppl.
1348 1710 1485 1759 parodi
1517 1710 1686 1760 stropha,

186 1776 233 1814 de
264 1789 340 1825 qua
369 1789 487 1827 supra
516 1790 552 1827 p.
575 1780 611 1827 9,
642 1781 683 1816 ut
713 1778 761 1817 de
792 1781 873 1817 toto
904 1780 1056 1817 cantico
1093 1778 1145 1828 (p.
1170 1779 1234 1826 34,
1262 1780 1297 1828 1)
1329 1779 1405 1816 iam
1442 1779 1561 1816 verba
1597 1778 1686 1816 feci.

186 1846 400 1894 Responsio
422 1847 662 1895 singulorum
683 1847 888 1885 verborum
910 1847 1075 1895 ideoque
1097 1859 1280 1885 caesurae
1303 1851 1360 1886 est
1376 1848 1685 1885 accuratissima:

460 1950 523 1989 71.
557 1944 677 2002 ἀγών
709 1941 781 1988 ὅδ’
814 1943 948 1997 ἄλλος
980 1944 1146 2002 ἔρχεται
1180 1945 1302 2002 γόων
1333 1946 1456 2002 γόοις

391 2018 524 2056 =79.
557 2012 780 2071 ἄπληστος
812 2009 888 2057 ἅδε
919 2009 962 2070 μ’
993 2013 1133 2070 ἐξάγει
1164 2014 1288 2070 χάρις
1319 2013 1454 2070 γόων,

184 2119 283 2157 trim.
314 2120 505 2169 integram
536 2120 654 2159 habet
687 2121 866 2158 formam:

299 2349 459 2399 Suppl.
491 2350 583 2388 365.
643 2350 787 2389 Iterum
817 2350 1023 2389 iambicum
1055 2352 1111 2388 est
1140 2350 1331 2388 canticum
1361 2348 1452 2387 inde
1480 2362 1513 2388 a.
1534 2362 1570 2388 v.
1593 2350 1686 2391 365.

185 2417 344 2455 Periodi
382 2418 422 2455 in
461 2419 590 2467 priore
631 2418 877 2468 stropharum
918 2419 1003 2468 pari
1043 2430 1121 2456 non
1160 2421 1322 2468 possunt
1351 2419 1512 2466 seiungi,
1553 2418 1622 2456 sed
1653 2419 1685 2456 si

187 2486 405 2525 dividamus
443 2499 588 2535 versus,
630 2500 848 2535 caveamus,
890 2500 939 2526 ne
983 2487 1150 2526 editores
1192 2499 1407 2536 sequamur.
1467 2487 1552 2525 Hoc
1583 2488 1686 2525 enim

186 2554 301 2593 modo
331 2556 426 2593 meri
455 2556 572 2593 iambi
602 2555 829 2594 decurrunt:

393 2657 486 2695 365.
529 2652 784 2706 ἱππόβοτον
810 2651 971 2709 Ἄργος,
1004 2649 1040 2697 ὦ
1071 2650 1265 2710 πάτριοι)
1295 2649 1402 2709 ἐμὸν
1433 2654 1586 2706 πέδοι),

664 2720 844 2765 ἐκλύετε
874 2721 979 2765 τάδε
1009 2719 1062 2777 γ’,
1094 2718 1263 2765 ἐκλύετ’
1295 2719 1429 2765 ἄνακ-

665 2806 742 2840 τος
773 2786 874 2832 ὅσια
907 2791 1008 2846 ,περὶ
1041 2788 1179 2840 θεοὺς
1209 2792 1282 2832 καὶ

529 2857 697 2913 μεγάλα
729 2859 952 2915 Πελασγίᾳ
981 2859 1054 2900 καὶ
1085 2854 1183 2900 κατ’
1206 2854 1370 2914 Ἄργος,
