1961 3179
451 105 578 143 MAX
607 105 933 152 NIEMEYER,
962 104 1442 155 Vel-lagsbuchhandlung‚
1472 106 1674 144 HALLE
1703 116 1742 147 A.
1764 107 1801 146 S.

322 252 632 296 nisset-tationes
664 252 922 305 philologicae
946 252 1139 294 Halenses
1170 265 1256 292 cum
1286 254 1525 303 praefatione
1546 256 1739 293 Hem-ici
1758 255 1900 294 Keili

455 323 539 359 Vol.
561 322 737 368 r-er,
768 333 858 371 pars
885 321 972 371 1s11.
1036 322 1330 360 1873—1903.
1389 323 1425 360 8.
1696 322 1751 363 Ab.
1788 324 1909 371 1325.

321 425 374 429 —
403 402 489 438 Vol.
510 402 538 438 1.
594 401 708 437 1873.
768 400 831 447 IV,
865 400 944 437 334
965 400 1000 439 s.
1751 390 1805 442 st
1839 403 1909 450 6‚-‘

587 453 719 487 Inhalt:
760 453 804 487 M.
831 453 1089 498 Kleemann‚
1128 454 1372 499 Reliquiarum
1413 455 1555 490 dialecti
1594 456 1749 491 creticae
1788 466 1872 500 pars
1902 455 1909 490 2

521 499 666 539 glossae
702 499 856 533 creticae
889 509 968 533 cum
999 500 1293 535 commentariolo
1327 501 1371 536 de
1404 501 1574 536 universa
1605 501 1757 535 creticae
1787 501 1909 539 dialem

521 543 654 578 indole.
694 563 737 568 —
783 544 824 579 G.
851 543 890 578 O.
916 544 1028 579 Guts
1040 545 1138 588 che,
1180 546 1418 587 Quaestiones
1444 546 1489 581 de
1517 546 1710 581 Homerico
1735 546 1869 591 hymno
1893 547 1908 580 i·

520 590 698 624 Cererem.
727 610 771 613 —
800 589 841 623 E.
865 589 1054 635 Walter,
1094 591 1149 625 De
1182 591 1298 625 Taciti
1330 591 1458 626 studiis
1491 591 1692 626 rhetoricis.
1731 612 1775 616 —
1809 591 1908 642 W&

519 635 718 678 Friedel‚
753 635 806 669 De
832 634 1071 678 sophistarum
1098 636 1226 671 studiis
1251 636 1463 671 Homericis.
1495 657 1540 661 —
1578 637 1618 672 E.
1645 636 1851 681 Schinck‚
1875 637 1907 671 D

519 680 807 715 interiectionum
833 680 1223 726 epiphonematumque
1250 682 1285 716 vi
1310 685 1418 726 atque
1441 693 1509 717 usu
1526 683 1622 726 apud
1637 681 1907 726 Aristophanen

519 746 562 750 ——
592 727 634 760 R.
652 725 919 770 Kohlmann,
947 726 1002 761 De
1036 727 1136 761 verbi
1167 727 1285 771 graeci
1316 727 1551 771 temporibus.
1590 748 1635 752 -
1673 728 1716 762 K.
1741 726 1908 767 Zachei

519 772 573 806 De
599 771 727 814 prioris
752 771 936 806 nominum
962 772 1244 816 compositorum
1270 782 1480 816 graecorum
1504 773 1615 817 partis
1639 772 1862 809 formatione.

318 853 370 857 —
402 831 486 868 Vol.
508 832 554 868 H.
605 831 719 867 1876.
781 831 860 869 305
881 831 916 869 S.
1759 831 1816 872 Ab.
1837 833 1907 880 5,—‘

586 884 716 918 Inhalt:
749 883 1182 929 Ad.Weingartne1-‚
1215 885 1271 920 De
1296 885 1446 920 Horatio
1478 886 1634 921 Lucretii
1665 886 1853 922 imitatore.
1885 898 1907 911 -·

520 930 560 964 G.
579 930 690 963 Vots
702 929 768 973 oh,
787 930 1025 971 Quaestiones
1043 931 1089 965 de
1106 930 1271 965 infinitivi
1288 942 1355 965 usu
1372 931 1547 966 Plautino.
1565 951 1609 956 —-
1631 931 1694 967 Jo.
1709 931 1906 969 Schmidt

517 975 571 1009 De
597 975 807 1010 Herodotea
832 986 922 1020 quae
947 975 1058 1010 fertur
1081 976 1155 1010 vita
1179 976 1337 1011 Homeri.
1362 997 1405 1001 —
1437 976 1540 1011 Aem.
1557 977 1843 1020 Doberentz‚
1874 977 1906 1014 D

519 1020 662 1055 scholiis
687 1020 724 1054 in
742 1020 1004 1066 Thucydidem.
1029 1041 1072 1045 —
1096 1022 1137 1056 E.
1155 1021 1371 1057 Matthias
1383 1050 1391 1066 ,
1417 1023 1462 1058 de
1488 1022 1633 1058 scholiis
1650 1023 1688 1058 in
1703 1022 1905 1058 Juvenaleu

314 1103 368 1107 -—-
397 1082 483 1119 Vol.
504 1082 569 1118 HI.
599 1092 689 1130 pars
710 1081 740 1118 I.
788 1082 904 1118 1877.
948 1082 1040 1130 Pag.
1066 1082 1239 1118 1—280.
1758 1081 1814 1122 Ab.
1837 1083 1905 1129 6,-³

580 1134 712 1168 Inhalt:
727 1135 900 1169 Konrad
913 1146 958 1169 us
975 1135 998 1168 Z
1008 1134 1084 1169 ach
1094 1145 1146 1178 er,
1158 1135 1213 1170 De
1228 1135 1433 1171 nominibus
1447 1136 1586 1180 graecis
1599 1136 1635 1170 in
1649 1144 1905 1177 αιος,αια,αιο1

312 1217 368 1222 —
400 1217 450 1221 -—
482 1205 570 1243 pars
600 1195 649 1231 II.
712 1196 830 1232 1878.
888 1195 981 1244 Pag.
1005 1195 1237 1232 281-——319.
1758 1193 1814 1235 alb.
1840 1196 1903 1243 1‚-‹

511 1247 713 1338 trainIizlgalt³
746 1248 960 1283 Aemilius
986 1248 1259 1292 Neidhardt‚
1284 1248 1340 1283 De
1364 1248 1536 1292 Euripide
1561 1251 1749 1293 poetarum
1774 1235 1902 1302 maxiuii

1897 1303 1901 1326 1

313 1377 365 1381 —
398 1354 481 1391 Vol.
502 1354 565 1391 IV.
595 1365 685 1403 pars
707 1354 735 1391 I.
799 1354 915 1391 1877.
973 1354 1065 1402 Pag.
1092 1354 1264 1390 1—110.
1766 1352 1822 1393 Ab.
1834 1353 1899 1401 ΞΑ

222 1400 231 1419 ¹
581 1407 712 1441 Inhalt:
745 1407 998 1441 Richardus
1025 1407 1251 1451 Hendess,
1277 1406 1426 1441 Oracula
1441 1417 1570 1450 graeca
1591 1416 1683 1451 quae
1699 1407 1796 1451 apud
1816 1407 1899 1457 scri}

514 1456 612 1488 tores
632 1463 782 1496 graecos
806 1462 1050 1497 romanosque
1076 1455 1231 1496 exstant,
1256 1452 1403 1496 collegit
1426 1462 1632 1497 paucasque
1651 1452 1899 1498 observatione

513 1498 667 1533 selectas
691 1498 885 1541 praemisit.
1891 1503 1898 1524 ¹

313 1581 366 1584 —
394 1579 451 1587 ψ
480 1570 570 1607 pars
600 1557 650 1595 11.
712 1558 828 1595 1880.
888 1558 980 1606 Peg.
1006 1557 1235 1594 111—434.
1754 1555 1810 1597 Λ.
1833 1531 1897 1608 aa}

581 1611 713 1646 Inhalt:
740 1612 780 1645 B.
797 1611 1028 1654 Huebner,
1060 1611 1115 1645 De
1140 1614 1342 1654 temporum
1368 1621 1437 1655 qua
1460 1610 1665 1655 Aeschylus
1691 1611 1801 1645 utitur
1823 1614 1895 1654 prat

515 1657 629 1691 sentis
654 1658 846 1700 praecipue
873 1660 909 1691 et
929 1657 1052 1691 aoristi
1068 1657 1251 1691 varietate.
1275 1677 1319 1680 —
1342 1656 1609 1690 Franciscus
1627 1655 1844 1700 Voelker‚
1868 1650 1894 1690 1]

515 1702 731 1737 Graecorum
771 1701 967 1736 fabularum
1011 1702 1203 1736 actoribus.
1247 1722 1290 1726 ——
1338 1701 1379 1736 E.
1417 1702 1584 1745 Lange,
1625 1701 1718 1743 Quid
1757 1712 1838 1735 cum
1877 1695 1893 1735 ὃ·

514 1748 658 1792 ingenio
695 1751 732 1782 et
766 1747 893 1782 litteris
929 1751 1003 1782 tum
1041 1748 1085 1782 de
1122 1747 1241 1790 poetis
1271 1746 1487 1782 Graecorum
1520 1746 1644 1781 Cicero
1680 1746 1845 1781 senserit.
1879 1743 1891 1783 η’

514 1793 545 1827 J.
573 1793 823 1837 Segebade,
849 1793 1130 1828 Observationes
1161 1793 1411 1836 grammaticae
1432 1796 1468 1827 ct
1493 1792 1636 1826 criticae
1653 1791 1689 1825 in
1705 1789 1890 1826 Petronius

514 1859 556 1862 —
588 1840 625 1873 L.
651 1839 943 1882 Hollaender,
975 1839 1029 1873 De
1063 1838 1212 1872 militum
1237 1837 1388 1872 coloniis
1413 1837 1457 1872 ab
1482 1837 1652 1882 Augusto
1676 1837 1713 1870 in
1736 1836 1839 1871 Italia
1863 1837 1887 1870 d

515 1884 643 1918 ductis.
680 1904 723 1908 -—
758 1884 801 1918 H.
827 1884 988 1927 Karbe,
1021 1884 1076 1918 De
1109 1883 1379 1918 centurionibus
1412 1883 1656 1917 Romanorum
1690 1882 1888 1927 quaestioni

514 1929 774 1973 epigraphicae.
1878 1923 1885 1946 ⁴

313 2012 367 2015 —
397 1990 482 2027 Vol.
503 1990 547 2027 V.
578 2001 668 2038 pars
689 1990 717 2026 I.
767 1990 884 2027 1878.
928 1989 1003 2026 VII
1032 2001 1067 2026 11.
1098 1989 1190 2038 Pag.
1217 1989 1389 2026 1—132.
1753 1983 1809 2024 Ab.
1830 1984 1883 2046 4,-3

580 2043 713 2077 Inhalt:
738 2043 771 2078 J.
790 2042 1002 2086 Schmidt,
1022 2043 1076 2077 De
1094 2042 1222 2077 seviris
1239 2041 1509 2087 Augustalibus.
1546 2039 1702 2084 Adjeeta
1719 2041 1775 2073 est
1789 2037 1851 2073 tab
1875 2049 1881 2056 <

311 2125 366 2130 —
395 2126 449 2130 —
479 2115 570 2152 pars
590 2103 639 2140 ΙΙ.
688 2103 804 2140 1883.
849 2103 941 2151 Pag.
966 2102 1196 2139 133-364.
1753 2097 1809 2138 Ab.
1830 2098 1866 2146 4,

580 2156 712 2190 Inhalt:
753 2157 797 2191 M.
823 2157 990 2200 Baege,
1027 2155 1082 2189 De
1125 2155 1332 2190 Ptolemaeo
1369 2153 1589 2188 Ascalonita.
1625 2172 1669 2177 —-
1707 2152 1841 2187 Henri

512 2202 534 2237 J
544 2201 758 2245 ungblut,
795 2202 1051 2243 Quaestionum
1082 2201 1126 2235 de
1156 2199 1486 2243 paroemiographis
1518 2208 1601 2242 pars
1633 2197 1743 2241 prior:
1779 2197 1834 2231 De

512 2247 633 2282 nobio.
673 2267 716 2270 —-
752 2247 794 2281 H.
820 2247 962 2290 Koob,
1006 2246 1061 2280 De
1094 2245 1201 2280 mutis
1238 2255 1328 2289 quae
1359 2248 1536 2279 vocantur
1566 2243 1732 2287 personis
1755 2242 1791 2276 in
1815 2241 1847 2277 G

513 2303 635 2328 corum
661 2292 868 2335 tragoediis.
893 2312 930 2316 -
959 2292 1002 2326 R.
1030 2291 1160 2325 Zimin
1172 2301 1217 2326 er
1230 2301 1375 2334 mann,
1401 2290 1537 2331 Quibus
1562 2288 1768 2323 auctoribus
1794 2286 1853 2322 Str

512 2339 548 2372 in
580 2338 670 2373 libro
713 2339 819 2373 tertio
856 2336 1178 2382 geographicorum
1207 2335 1471 2371 conscribendo
1510 2344 1597 2369 usus
1632 2333 1696 2377 sit,
1734 2332 1853 2377 quaer‘

511 2384 598 2418 Pars
621 2383 728 2427 prior.

396 2444 480 2479 Vol.
502 2444 564 2480 VI.
595 2454 685 2492 pars
707 2443 735 2479 I.
798 2442 915 2480 1885.
974 2442 1066 2490 Peg.
1094 2441 1264 2477 1-232.
1721 2489 1730 2497 .
1750 2436 1803 2475 Ab
1829 2437 1851 2472 6

578 2496 710 2530 Inhalt:
736 2495 774 2530 C.
799 2496 937 2539 Roos,
963 2495 1018 2530 De
1043 2494 1276 2529 Theodoreto
1302 2492 1498 2529 Clementis
1524 2494 1560 2526 et
1581 2489 1731 2525 Eusebil
1755 2500 1833 2524 com

514 2538 603 2569 tore.
650 2541 805 2575 Accedit
829 2541 1042 2584 epimetrum
1068 2540 1114 2574 de
1135 2539 1297 2574 Platonis
1323 2538 1520 2573 codicibus.
1544 2556 1588 2560 —-
1613 2535 1656 2571 H.
1673 2534 1826 2570 Karba

515 2579 568 2614 De
606 2585 816 2618 auctoritate
853 2596 893 2620 ac
928 2585 999 2620 fide
1036 2585 1346 2629 grammaticorum
1379 2583 1567 2618 latinorum
1599 2581 1636 2614 in
1668 2580 1848 2614 constitue

514 2625 670 2671 lectione
704 2625 885 2660 Ciceronis
922 2631 1122 2665 orationum
1155 2630 1190 2664 in
1214 2630 1375 2665 Verrem.
1400 2648 1444 2653 —-
1467 2628 1510 2662 E.
1534 2626 1602 2661 Th.
1627 2625 1857 2668 Sehulze„

515 2672 553 2706 Ὦ.
571 2669 709 2704 Aurelii
734 2669 937 2714 Symmachi
961 2675 1218 2710 voeabulorum
1248 2673 1521 2709 formationibus
1547 2672 1591 2706 ad
1616 2680 1819 2706 sermonem

563 2725 634 2748 ”0m
659 2715 934 2758 pertinentibus.

691 2775 806 2813 1886.
866 2774 958 2822 Pag.
981 2773 1214 2810 233—478.
1749 2772 1802 2813 Ab

740 2827 764 2845 ἢ
775 2838 790 2858 s
799 2838 818 2860 c
828 2836 870 2860 ar
879 2837 901 2860 11
910 2837 926 2860 s
951 2826 983 2859 H
993 2835 1067 2860 aus
1076 2825 1196 2860 child
1205 2852 1213 2867 ,
1237 2824 1291 2858 De
1317 2829 1492 2858 sermonis
1513 2825 1802 2870 proprietatibus,

825 2871 1007 2906 Ciceronis
1045 2870 1266 2904 orationibus
1302 2869 1541 2903 inveniuntur.
1577 2887 1621 2892 —
1659 2867 1746 2903 The.
1755 2883 1776 2906 ο
1787 2871 1810 2905 d
1818 2873 1849 2906 of

842 2917 881 2951 ·ei
906 2920 943 2951 et
967 2915 1151 2959 Thyestae
1175 2914 1304 2949 fabula.
1843 2913 1847 2954 l

999 2985 1195 3015 Fortsetzung
1213 2983 1291 3008 siche
1310 2982 1400 3008 dritte
1418 2981 1479 3007 und
1498 2982 1591 3007 vierte
1609 2981 1845 3028 Umacfflageeist⁴

1836 3043 1843 3083 4.
