1961 3179
221 654 312 693 Non
347 654 560 704 composita
594 657 683 692 sunt
718 653 840 692 haece
882 653 1009 692 studia
1046 654 1207 693 consilio
1249 657 1340 693 ante
1378 655 1602 703 constitut03

110 721 211 759 nihil
241 721 335 759 mihi
364 722 559 771 proposui,
591 721 697 771 quod
728 722 1045 769 demonstrarem3
1081 723 1312 771 ubicumque
1343 722 1610 771 observabam,

111 802 209 839 quae
231 790 475 828 observanda
496 790 589 828 mihi
609 790 852 837 videbantur,
883 791 1116 838 nesciebam,
1148 790 1197 828 ad
1219 802 1333 839 quem
1354 794 1610 839 perventurus

110 870 235 897 essem
270 859 425 906 exitum,
462 861 577 907 atque
615 858 712 896 adeo
750 859 901 896 nullum
939 859 1093 896 omnino
1123 859 1269 908 imponi
1299 859 1442 896 exitum
1474 859 1610 897 studiis

109 927 258 976 aliquot
287 938 372 965 sero
404 939 692 976 nonnumquam
721 927 1012 975 intellegebam.
1071 926 1366 976 Philologorum
1396 938 1523 975 neque
1552 928 1610 965 ira

108 1007 235 1044 neque
265 996 392 1044 gratia
428 995 601 1042 tenebar,
641 1007 727 1033 cum
763 995 844 1032 eius
875 994 1040 1042 fabulas,
1078 996 1143 1043 qui
1174 996 1341 1033 omnium
1374 995 1608 1034 Graecorum

111 1064 330 1102 carissimus
366 1063 460 1101 mihi
491 1066 549 1101 est
578 1066 706 1112 poeta,
742 1064 877 1101 iterum
915 1067 1031 1112 atque
1061 1064 1197 1102 iterum
1228 1064 1413 1111 legerem.
1472 1065 1610 1112 Neque

109 1132 218 1169 aliud
248 1132 454 1180 quiequam
485 1133 707 1181 perspicere
744 1132 853 1169 volui
888 1132 963 1169 nisi
1000 1132 1212 1170 carminum
1243 1134 1496 1179 venustatem,
1532 1133 1610 1170 vim

109 1201 297 1249 tragicam
333 1201 617 1250 poeticamque,
656 1200 810 1238 dicendi
844 1211 1020 1238 veneres.
1080 1200 1230 1238 Tamen
1266 1211 1355 1237 mox
1390 1201 1610 1238 innumeras

110 1280 194 1306 esse
232 1269 478 1317 quaestiones
514 1268 685 1306 nondum
722 1269 956 1318 persolutas,
994 1267 1244 1306 difficultates
1280 1280 1359 1306 non
1395 1269 1611 1318 explicatas

109 1337 276 1386 cognovi
313 1339 428 1385 atque
465 1337 606 1374 multas
643 1336 746 1374 sensi
783 1335 935 1373 abditas
971 1347 1056 1374 esse
1092 1335 1218 1374 adhuc
1250 1337 1477 1385 elegantias,
1514 1349 1611 1386 quas

108 1417 221 1443 nemo
252 1404 535 1454 animadvertit,
566 1417 677 1442 nemo
708 1404 906 1442 indicavit.
965 1405 1097 1453 Atque
1130 1416 1215 1442 cum
1247 1417 1346 1453 quae
1376 1405 1458 1454 ipse
1480 1405 1611 1443 obser-

109 1486 305 1521 vaveram,
336 1476 520 1521 notarem,
551 1474 693 1511 similia
720 1473 947 1520 conferrem,
977 1473 1166 1522 paulatim
1188 1473 1285 1511 haec
1306 1473 1434 1511 studia
1455 1485 1611 1512 enasce-

109 1543 260 1580 bantur.
317 1542 542 1580 Nonnullas
573 1553 687 1591 spero
718 1554 839 1580 novas
869 1553 931 1579 res
953 1554 1013 1580 me
1035 1553 1120 1580 esse
1141 1545 1392 1589 ostenturum,
1423 1554 1611 1580 nonnum-

110 1623 223 1659 quam
239 1611 360 1660 plane
375 1622 516 1648 novam
535 1622 649 1648 ausus
666 1622 748 1648 sum
765 1609 918 1658 ingredi
934 1610 1036 1647 viam
1053 1611 1091 1647 in
1105 1610 1291 1648 tollendis
1309 1609 1612 1658 difficultatibus,

108 1680 276 1728 plurima
307 1678 526 1717 difficiliora
556 1681 666 1716 erant
695 1678 822 1725 tironi,
854 1690 969 1726 quam
1000 1680 1040 1715 ut
1072 1680 1218 1715 certum
1243 1679 1436 1716 inveniret
1456 1679 1610 1716 exitum.

109 1748 296 1784 Attamen
335 1758 415 1784 non
459 1746 625 1784 verebor
668 1745 859 1792 indicare,
905 1758 1004 1794 quae
1049 1746 1124 1783 sint
1169 1745 1437 1794 difficultates,
1482 1758 1610 1795 neque

108 1815 264 1852 inanem
295 1814 432 1853 ducam
463 1826 633 1864 operam,
665 1815 698 1852 si
726 1813 1019 1864 philologorum
1051 1814 1199 1852 animos
1231 1813 1280 1852 ad
1303 1826 1349 1852 ea
1370 1818 1610 1863 convertero,

111 1895 209 1932 quae
240 1882 438 1932 hucusque
468 1882 573 1920 haud
604 1883 697 1920 satis
728 1885 820 1920 nota
849 1882 1030 1920 videntur
1062 1894 1158 1921 esse.

225 1951 406 1999 Subtiles,
443 1952 614 2000 exiguas,
650 1952 760 1989 leves
790 1951 1014 1989 nonnemini
1044 1950 1149 1988 haud
1178 1952 1315 1999 ignoro
1346 1951 1494 1989 visuras
1526 1963 1610 1990 esse

111 2021 367 2069 quaestiones,
426 2019 502 2058 Sed
539 2022 581 2057 ut
616 2019 655 2056 in
690 2019 805 2057 rebus
841 2019 959 2068 gestis
996 2020 1049 2057 sie
1086 2020 1127 2056 in
1162 2019 1380 2057 litterarum
1418 2019 1552 2058 studiis
1590 2031 1610 2058 e

110 2089 243 2138 parvis
273 2088 388 2126 rebus
420 2100 583 2137 magnae
615 2088 851 2128 exoriuntur.
908 2088 1047 2136 Neque
1078 2099 1260 2136 umquam
1295 2100 1355 2126 me
1384 2091 1479 2137 puto
1511 2087 1608 2126 obli—

110 2159 237 2195 turum
268 2168 351 2195 esse
382 2156 597 2205 ostendere,
634 2167 734 2205 quae
764 2155 980 2205 philologis
1010 2156 1218 2194 utilitatem
1247 2156 1473 2205 praebeant,
1510 2167 1610 2205 quae

110 2236 270 2263 necesse
301 2225 349 2262 sit
378 2226 578 2263 teneamus
608 2225 649 2262 in
676 2224 928 2263 recensendis
958 2223 1113 2262 fabulis.

224 2293 285 2330 De
316 2293 477 2330 canticis
507 2292 673 2330 maxime
704 2295 858 2331 acturus
888 2304 982 2340 sum,
1013 2304 1112 2341 quae
1144 2292 1271 2331 adhuc
1302 2305 1380 2330 non
1411 2292 1507 2330 adeo
1534 2293 1611 2330 sint

112 2363 248 2399 sanata
288 2363 326 2399 et
361 2361 548 2408 restituta,
587 2363 629 2398 ut
665 2361 747 2399 sine
789 2360 952 2399 salebris
981 2360 1102 2398 fiuant
1137 2361 1182 2408 ei,
1220 2361 1284 2409 qui
1320 2362 1466 2398 attente
1502 2360 1611 2408 legit.

111 2429 244 2478 Atque
274 2428 314 2467 id
343 2429 531 2478 imprimis
562 2431 739 2479 spectare
770 2440 841 2467 nos
872 2431 1034 2478 oportet,
1065 2441 1114 2467 ne
1141 2429 1267 2466 nimiis
1290 2428 1522 2477 corruptelis
1543 2428 1612 2465 im-

111 2497 324 2547 pediamur,
346 2497 549 2546 quominus
566 2497 798 2535 carminibus
813 2499 891 2535 tam
907 2497 1054 2546 pulcris
1070 2499 1175 2534 recte
1192 2496 1442 2536 delectemur.
1488 2495 1611 2542 Quam

113 2565 164 2604 ad
198 2577 280 2604 rem
316 2566 432 2603 etiam
468 2564 539 2603 has
575 2568 669 2615 puto
701 2565 983 2614 disputationes
1020 2564 1218 2602 adiuturas
1249 2576 1343 2603 esse.
1404 2564 1550 2610 Quibus
1580 2564 1613 2602 si

112 2634 229 2682 plura
258 2633 510 2680 docebuntur,
541 2634 573 2671 si
603 2634 806 2671 nonnullis
836 2633 944 2680 locis,
976 2633 1114 2682 quibus
1145 2635 1368 2671 venustates
1398 2635 1487 2671 sunt
1516 2644 1611 2670 non-

114 2701 204 2738 dum
235 2701 473 2748 observatae,
505 2700 681 2748 efficiam,
711 2704 753 2738 ut
773 2701 968 2750 Euripidis
997 2702 1198 2750 ingenium
1229 2702 1374 2739 clarius
1399 2701 1609 2750 perspicia-

114 2771 186 2817 tur,
217 2767 386 2807 officium
414 2769 674 2807 illustrissimo
705 2769 766 2806 illi
794 2772 935 2819 poetae
966 2769 1146 2808 laetabor
1175 2781 1235 2807 me
1266 2770 1517 2819 praestitisse.

183 2924 264 2952 Dies.
276 2924 348 2951 Hal.
367 2923 433 2951 XV.
1365 2926 1405 2959 21
