1961 3179
280 224 360 262 366
1687 223 1773 274 [62]

621 330 927 387 κυανόπτερος
959 330 1081 388 ὄρνις
1111 328 1202 375 εἴθ’
1234 334 1327 388 εἵην

619 396 645 457 ἢ
675 402 872 443 πευκᾶεν
902 400 1072 454 σκάφος
1103 396 1129 457 ἢ
1171 400 1334 453 <οἵα>1>

621 466 692 510 διὰ
721 469 911 519 κυανέας
942 468 1163 523 ἐπέρασ’2)
1197 462 1333 518 ἀκτὰς

483 540 575 579 865.
821 534 1121 591 πρωτόπλοος
1151 534 1312 579 πλάτα.

395 651 500 698 Quos
545 664 678 690 versus
724 651 940 701 strophicos
986 649 1070 691 fere
1116 664 1200 690 esse
1244 655 1407 702 apparet
1449 663 1576 700 neque
1618 652 1651 689 si
1690 651 1774 699 quis

280 720 522 769 stropharum
539 724 650 758 notas
668 720 868 770 praefigat,
882 720 1177 769 reprehendam,
1193 720 1397 758 dummodo
1416 719 1605 758 concedat
1620 719 1776 757 nomina

279 800 325 826 ea
341 800 436 835 esse,
457 789 623 836 nomina,
646 800 745 837 quae
765 788 814 826 ad
834 789 958 837 ipsam
980 800 1062 826 rem
1077 789 1142 825 vix
1159 789 1365 837 pertinent.
1406 789 1608 826 Nonnulla
1623 798 1775 836 semper

277 860 434 904 restant,
465 869 565 906 quae
597 858 749 904 similia,
781 869 857 895 non
888 858 998 906 paria
1030 860 1128 904 sunt,
1160 860 1275 906 atque
1306 857 1415 895 nefas
1446 859 1504 894 est
1535 868 1581 894 ea
1610 857 1651 893 in
1677 856 1772 893 anti-

277 925 511 975 strophicam
543 926 667 975 redigi
697 926 898 964 rationem.
957 926 1165 963 Praeterea
1194 926 1226 963 si
1255 929 1386 974 partes
1416 928 1494 963 tam
1525 925 1663 962 breves
1684 936 1774 962 con-

277 992 405 1031 festim
427 994 586 1031 iteratas
608 993 787 1043 strophas
810 1005 1004 1040 vocamus,
1036 993 1170 1042 quidni
1191 994 1305 1030 etiam
1327 994 1502 1041 singulos
1528 1003 1662 1030 versus
1684 1003 1774 1029 con-

277 1062 472 1099 tinuatos?
532 1061 658 1107 Quare
690 1062 865 1110 quamvis
897 1062 1034 1099 similis
1065 1062 1113 1099 sit
1144 1062 1223 1098 alia
1252 1073 1342 1110 pars
1374 1062 1452 1108 alii,
1487 1072 1566 1098 non
1597 1059 1774 1109 strophas

277 1130 473 1177 habemus,
511 1130 579 1168 sed
610 1130 829 1168 monodiam
865 1129 1132 1178 „astrophicw‘
1167 1130 1317 1167 ratione
1349 1128 1639 1176 conformatam,
1675 1140 1773 1177 quae

277 1199 342 1236 vix
374 1199 452 1236 alia
482 1201 540 1236 est
571 1210 685 1247 quam
726 1198 934 1247 strophica,
975 1197 1044 1235 sed
1074 1198 1220 1244 similis,
1261 1197 1397 1236 eadem
1427 1196 1519 1237 fere.
1577 1196 1774 1244 Versibus,

277 1267 300 1307 i.
323 1279 355 1304 e.
386 1267 566 1304 membris
597 1266 786 1304 similibus
817 1278 975 1304 carmen
1005 1264 1056 1304 fit.

392 1358 540 1396 Primos
571 1358 805 1396 Hermionae
848 1369 982 1395 versus
1022 1368 1135 1405 pares
1179 1368 1262 1395 esse
1292 1359 1467 1406 apertum
1498 1359 1566 1405 est,
1603 1356 1651 1395 de
1681 1357 1774 1405 ipsis

282 1429 409 1464 autem
440 1427 570 1464 metris
602 1426 768 1463 dubitari
798 1428 934 1475 potest.
986 1425 1254 1463 Weckleinius
1275 1425 1376 1463 falso
1397 1437 1532 1463 versus
1553 1426 1607 1463 sic
1629 1425 1774 1463 divisit:

549 1523 784 1581 σπάραγμα
816 1524 955 1580 κόμας
986 1522 1159 1580 ὀνύχων
1190 1541 1238 1567 τε
1270 1519 1361 1567 δάι’
1393 1525 1437 1567 ἀ-

684 1592 889 1649 μύγματα
919 1590 1129 1648 θήσομαι,

280 1702 317 1737 et
347 1699 513 1736 alterum
543 1710 695 1736 versum
726 1702 830 1736 certe
863 1700 902 1736 ut
933 1697 1151 1736 dochmium
1182 1698 1335 1736 recitari
1365 1699 1460 1736 vult.
1519 1698 1626 1736 Idem
1647 1700 1773 1736 autem

280 1766 436 1805 eosdem
467 1778 600 1804 versus
630 1767 671 1803 in
701 1766 843 1804 Troad.
874 1779 909 1804 v.
933 1767 1012 1804 257
1044 1767 1099 1804 sic
1130 1766 1297 1805 diremit:

687 1868 851 1921 κλῇδας
882 1867 956 1909 καὶ
986 1864 1073 1909 α’πὸ
1094 1863 1235 1921 ’χροὸς

553 1932 753 1978 ὲνδύτων
784 1935 984 1988 στεφέων
1016 1932 1164 1990 ἰερούς
1195 1933 1429 1990 στόλμους,

279 2039 445 2088 denique
475 2040 516 2076 in
545 2038 609 2078 Or.
641 2052 676 2078 v.
703 2040 807 2077 1256
840 2040 914 2078 sic:

689 2140 869 2190 σταθεὶς
899 2138 971 2181 ἐπὶ
1001 2139 1183 2192 φοίνιον
1212 2134 1318 2193 αἷμα

551 2205 730 2264 πήματα
761 2205 956 2262 πήμασιν
987 2202 1152 2262 ἐξεύρῃ,

278 2314 370 2352 item
400 2314 512 2352 Herc.
542 2325 578 2350 v.
606 2313 732 2350 1029:

278 2445 344 2478 pro
370 2429 449 2469 εἴθ’
482 2429 560 2479 εἷήν
593 2433 747 2478 scripsit.
798 2433 1089 2477 Anapaesticum,
1122 2443 1193 2467 non
1226 2431 1475 2467 dochmiacum
1508 2441 1588 2466 esse
1618 2441 1771 2475 versum,

279 2491 310 2525 si
334 2491 450 2525 minus
475 2490 713 2525 demonstrari
737 2493 869 2535 potest,
894 2494 931 2525 at
955 2493 1051 2525 certe
1076 2490 1153 2524 veri
1176 2489 1292 2524 simile
1318 2491 1384 2524 est.
1432 2488 1549 2530 Quare
1572 2490 1672 2524 recte
1696 2487 1773 2523 fere

281 2547 367 2581 mihi
391 2547 519 2582 videor
542 2547 782 2591 supplevisse,
807 2557 899 2591 quae
923 2547 993 2581 iam
1018 2546 1283 2582 desiderantur.

395 2626 421 2669 ¹)
446 2626 650 2660 Pronomen
673 2626 863 2660 relativum
889 2625 1151 2661 desideramus:
1186 2631 1266 2668 „aut
1292 2652 1298 2659 .
1318 2652 1325 2659 .
1345 2652 1351 2658 .
1371 2651 1378 2659 .
1403 2627 1466 2659 aut
1501 2624 1637 2669 (qualis)
1675 2650 1681 2657 .
1700 2651 1708 2659 .
1726 2651 1733 2658 .
1753 2624 1770 2642 “

280 2682 407 2725 Itaque
426 2678 487 2716 οἵα
506 2693 571 2717 seu
588 2682 658 2717 tale
676 2682 763 2726 quid
782 2686 870 2726 puto
889 2682 1078 2726 excidisse,
1105 2681 1204 2726 quod
1221 2684 1307 2726 post
1322 2681 1412 2715 illud
1431 2675 1451 2724 ἤ
1469 2684 1584 2715 antec.
1601 2680 1771 2715 facillime

278 2738 396 2782 potuit
419 2738 504 2773 fieri.

392 2807 421 2849 2)
447 2806 546 2841 Libri
578 2807 750 2841 exhibent
782 2803 966 2851 ἐπέρασεν.
1021 2806 1213 2841 Corrector
1247 2805 1383 2840 codicis
1408 2806 1436 2840 L
1461 2808 1599 2840 rectum
1630 2804 1773 2839 videtur

279 2862 471 2897 invenisse.
520 2862 626 2897 Certe
651 2863 835 2907 anapaesti
859 2862 929 2898 hoc
953 2861 1036 2897 loco
1061 2872 1131 2897 non
1156 2864 1309 2906 possunt
1332 2861 1544 2905 perturbari.
