1961 3179
170 229 256 280 [81]
1579 232 1663 270 385

579 346 641 383 VI.
792 363 904 378 ψυυ
933 368 967 372 —-
1014 367 1043 372 —-
1100 368 1133 372 —-

168 719 288 765 Quem
330 720 498 758 voluerit
537 723 653 769 poeta
684 723 924 767 concentum,
965 719 1211 758 manifestum
1251 719 1344 757 mihi
1379 719 1531 758 videtur
1572 732 1666 767 esse,

168 800 253 826 cum
283 789 359 825 iam
392 790 574 836 quattuor
604 788 769 825 trimetri
799 800 920 836 usque
951 789 1104 836 repetiti
1136 788 1264 826 animo
1287 788 1515 835 obiciantur,
1548 788 1667 826 doch-

167 857 328 894 miorum
369 856 495 905 aperti
534 857 683 894 numeri
724 857 904 905 (primum
944 857 1055 904 terni,
1097 855 1236 894 deinde
1277 856 1375 901 seni)
1417 867 1457 893 se
1494 857 1668 894 offerant.

166 926 377 963 Praeterea
417 928 486 973 est,
529 937 597 963 cur
628 937 760 963 omnes
792 925 973 974 periodos
1013 925 1212 963 breviores
1244 925 1478 963 coniciamus
1508 924 1668 974 figuram

167 993 364 1031 habuisse:
396 1006 422 1030 x
452 1006 477 1041 y
510 1006 545 1030 x.

281 1142 373 1179 Ion.
408 1141 527 1179 1441.
587 1141 810 1191 Simplicius
842 1144 899 1180 est
930 1143 1094 1180 alterum
1131 1142 1334 1189 canticum,
1375 1141 1477 1190 quod
1508 1142 1668 1179 alternis

168 1208 301 1246 dicunt
330 1210 400 1247 Ion
431 1212 469 1248 et
490 1209 645 1251 Creusa.
704 1210 774 1248 His
804 1211 903 1248 locis
935 1210 1109 1248 codicum
1141 1213 1206 1248 aut
1237 1211 1438 1259 vulgatam
1459 1211 1668 1248 lectionem

170 1289 248 1315 non
278 1288 434 1326 sequor:

280 1392 316 1418 v.
343 1380 461 1418 1448.
494 1381 624 1419 Verba
654 1383 832 1429 suspecta
864 1383 962 1419 sunt.
1021 1381 1219 1419 Fortasse:

700 1462 936 1523 vas'xvpo'
976 1462 1133 1524 ἀδόκη-

701 1552 779 1587 τος
809 1533 958 1578 πόθεν
989 1531 1145 1588 ἇδονά,

702 1601 918 1660 ἐλάβομεν
945 1603 1101 1659 χαράν.

282 1712 317 1736 v.
344 1698 464 1736 1453.
496 1694 549 1737 ἰώ
580 1698 640 1736 bis
670 1709 784 1747 pono,
815 1710 900 1736 cum
931 1701 1052 1736 metro
1083 1698 1277 1747 flagitetur
1308 1699 1487 1746 (alterum
1519 1695 1669 1738 πόθεν

486 1767 574 1827 iam.
606 1767 712 1804 Hart.
736 1766 830 1815 del.)

280 1848 317 1873 v.
343 1835 461 1872 1458.
503 1830 776 1884 <ὠ>τέκυον,
808 1826 892 1874 οἰκ
923 1828 1127 1887 ἀδάκρυς.

279 1916 316 1941 v.
341 1904 460 1941 1470.
490 1901 655 1942 τέκνον
687 1902 794 1952 dupl.
814 1903 945 1940 Herm.

282 1984 316 2009 v.
341 1971 460 2009 1489.
493 1967 595 2023 ἐμᾶς
625 1983 667 2009 re
698 1971 949 2019 grammatica
979 1982 1057 2008 non
1093 1972 1296 2018 toleratur,
1334 1982 1419 2008 cum
1450 1971 1552 2008 idem
1585 1982 1668 2009 esse

487 2051 564 2077 non
591 2039 711 2088 possit
732 2050 777 2077 ac
799 2034 908 2090 ἐμοῦ
930 2038 1008 2090 τῆς
1032 2070 1038 2077 .
1064 2070 1070 2077 .
1134 2038 1263 2084 Quare
1283 2039 1669 2088 interpretamentum

489 2110 547 2145 est
578 2107 628 2144 ad
657 2106 757 2144 illud
787 2102 953 2159 ματρός
985 2109 1022 2144 et
1054 2106 1278 2144 delendum:

569 2196 794 2250 παρθένια
824 2195 1013 2250 ματέρος
1045 2193 1290 2250 σπάργανα.

207 2292 252 2328 In
284 2304 319 2328 v.
341 2302 396 2339 sq.
428 2292 517 2328 ante
547 2282 647 2329 τάδ’
678 2301 755 2327 una
793 2290 948 2337 syllaba
979 2289 1133 2327 excidit.
1192 2289 1295 2327 Fort.
1328 2298 1409 2328 σου
1439 2289 1667 2327 iterandum.

282 2394 318 2419 v.
344 2382 464 2420 1498.
494 2392 651 2431 prorsus
682 2392 779 2419 corr.

282 2485 352 2522 Est
392 2495 548 2522 carmen
588 2495 637 2521 ex
677 2484 731 2521 eis
773 2482 963 2532 pulchris⁷
1005 2482 1074 2520 sed
1114 2483 1244 2529 variis,
1277 2494 1385 2537 'quae
1427 2482 1501 2520 hac
1541 2485 1668 2521 aetate

169 2553 394 2603 saepissime
424 2552 656 2590 invenimus:

1088 2797 1464 2811 vvvvvvvvv

842 2858 865 2894 2
898 2857 997 2894 trim.

237 2937 316 2962 Diss.
330 2936 401 2962 Hal.
421 2934 486 2961 XV.
1442 2937 1461 2968 6
