1961 3179
960 826 1009 866 II.

288 918 356 960 De
387 916 624 960 trimetris
655 915 874 958 iambicis
905 916 1035 958 inter
1063 915 1225 969 partes
1255 915 1428 970 lyricas
1459 915 1657 958 insertis

354 1011 466 1048 Viros
498 1010 631 1048 doctos
660 1010 701 1046 in
724 1009 957 1048 Graecorum
988 1008 1208 1057 tragoedias
1236 1008 1486 1056 inquirentes,
1518 1009 1589 1046 etsi
1618 1020 1731 1046 nemo

242 1081 310 1126 est,
342 1079 433 1127 quin
465 1079 626 1116 multum
658 1078 754 1115 sciat
784 1077 928 1115 distare
958 1078 1150 1114 trimetros
1180 1077 1364 1114 iambicos
1395 1077 1442 1114 ab
1475 1077 1562 1114 aliis
1593 1079 1731 1115 metro-

240 1160 322 1185 rum
354 1147 557 1196 generibus
589 1146 691 1195 (cum
712 1145 782 1183 hos
802 1145 1139 1194 pronuntiaverint
1159 1144 1373 1193 histriones,
1402 1145 1475 1182 illa
1496 1144 1732 1194 cecinerint),

241 1218 369 1252 tamen
401 1226 501 1263 quae
531 1215 578 1251 sit
609 1213 816 1251 difficultas
847 1225 977 1250 eorum
1009 1213 1194 1259 locorum,
1235 1212 1372 1260 quibus
1402 1212 1614 1250 intermixti
1644 1215 1733 1250 sunt

241 1283 379 1321 senarii
410 1283 584 1331 partibus
623 1282 769 1329 lyricis,
808 1282 900 1318 miro
932 1279 1099 1328 quodam
1139 1280 1251 1317 modo
1283 1280 1393 1328 fugit.
1452 1280 1637 1317 Attamen
1666 1281 1733 1317 vix

241 1352 444 1399 quiequam
486 1350 657 1387 crebrius
694 1349 735 1387 fit
766 1361 891 1397 neque
922 1350 1047 1386 solum
1087 1349 1126 1385 in
1167 1348 1399 1386 carminibus
1439 1348 1623 1396 iambicis,
1664 1348 1732 1386 sed

240 1420 279 1455 in
312 1419 414 1456 omni
445 1418 682 1456 canticorum
713 1429 867 1466 genere,
898 1417 1063 1454 maxime
1094 1417 1133 1453 in
1155 1416 1393 1456 dochmiaco.
1453 1415 1581 1462 Quare
1612 1417 1732 1454 oritur

242 1487 427 1535 quaestio,
470 1486 535 1534 qui
564 1497 698 1523 versus
739 1485 923 1533 diverbio,
965 1485 1029 1533 qui
1068 1485 1228 1522 canticis
1269 1485 1344 1522 sint
1384 1483 1579 1521 tribuendi
1617 1486 1732 1532 atque

242 1554 278 1592 id
310 1555 427 1592 velim
467 1554 746 1602 perquiramus,
787 1555 913 1590 utrum
953 1553 1068 1590 etiam
1098 1563 1179 1600 nos,
1220 1552 1285 1600 qui
1320 1564 1401 1589 rem
1441 1552 1624 1589 musicam
1654 1563 1732 1589 non

240 1623 316 1660 iam
356 1622 643 1671 perspiciamus,
684 1624 789 1658 certa
829 1623 1056 1669 argumenta
1095 1632 1142 1658 ex
1181 1619 1324 1658 fabulis
1363 1619 1513 1657 traditis
1542 1619 1732 1668 possimus

242 1691 377 1728 afferre
407 1689 457 1727 ad
486 1690 597 1726 istam
627 1700 707 1726 rem
739 1688 1023 1737 explicandam,
1060 1689 1215 1736 regulas
1246 1689 1359 1725 etiam
1390 1690 1567 1735 statuere,
1598 1699 1731 1727 necne.

355 1759 491 1805 Neque
522 1769 614 1794 vero
646 1768 767 1805 nugas
799 1756 896 1794 duco
928 1755 1047 1793 haece
1079 1756 1217 1803 studia,
1256 1768 1341 1793 cum
1372 1755 1422 1792 ad
1453 1756 1573 1794 verba
1603 1767 1730 1793 emen-

243 1825 371 1863 danda
400 1824 714 1872 restituendaque
745 1824 906 1861 alicuius
938 1825 1013 1862 sint
1034 1824 1225 1861 momenti.
1284 1824 1385 1861 Nam
1407 1824 1478 1861 etsi
1498 1824 1538 1860 in
1558 1823 1731 1872 partibus

242 1894 393 1931 melicis
423 1894 580 1930 vocales
613 1906 638 1944 η
671 1895 709 1929 et
738 1905 764 1931 α
796 1892 1019 1941 permisceri
1058 1891 1117 1929 his
1153 1892 1388 1940 temporibus
1419 1891 1632 1930 concedere
1661 1902 1732 1929 nos

243 1963 403 2010 oportet,
448 1973 534 1999 cum
579 1960 694 1998 etiam
739 1959 934 1997 Timothei
974 1971 1125 2009 papyro
1169 1960 1369 2008 probetur,
1413 1961 1543 1997 tamen
1587 1962 1625 1997 et
1668 1957 1732 1997 hic

242 2029 427 2067 vetustius
458 2029 727 2078 (‚,D01·icum“)
761 2041 787 2066 α
816 2028 877 2064 illi
907 2041 933 2081 η
965 2029 1096 2076 utique
1127 2028 1192 2066 ubi
1221 2027 1384 2065 traditur
1413 2027 1664 2076 praeferimus
1695 2029 1733 2064 et

241 2099 281 2135 in
312 2097 487 2135 diverbio
518 2099 623 2134 recte
653 2097 796 2144 ubique
835 2108 976 2134 novum
1011 2095 1112 2133 illud
1143 2096 1403 2144 („Ionicum“)
1433 2108 1459 2149 η
1491 2095 1690 2133 statuimus
1703 2094 1731 2144 ¹)

243 2178 369 2214 neque
414 2166 446 2202 si
489 2176 601 2213 quem
647 2176 799 2202 versum
845 2164 1002 2212 dialogo
1046 2163 1220 2201 videmus
1269 2163 1532 2211 tribuendum,
1587 2162 1732 2200 formae

244 2234 408 2271 Doricae
448 2232 605 2271 retineri
644 2234 815 2281 possunt.
886 2232 1046 2270 Constat
1087 2231 1262 2269 codicum
1303 2231 1569 2269 auctoritatem
1609 2228 1651 2269 in
1690 2242 1732 2267 re

242 2305 319 2339 tam
358 2301 500 2349 exigua
540 2301 606 2337 vix
646 2301 807 2337 multum
843 2300 994 2347 valere,
1035 2311 1120 2337 cum
1161 2299 1310 2336 librarii
1349 2298 1493 2336 formas
1531 2298 1732 2336 inusitatas

244 2370 468 2418 saepissime
514 2381 562 2406 ex
600 2368 758 2406 arbitrio
800 2368 1032 2405 mutaverint
1072 2367 1111 2403 in
1152 2368 1350 2415 vulgares,
1397 2367 1516 2404 verba
1556 2366 1732 2403 obsoleta

244 2436 579 2475 accomodaverint
619 2436 784 2473 sermoni
823 2447 897 2483 quo
935 2435 1151 2472 utebantur.
1219 2434 1478 2471 Librariorum
1520 2434 1595 2471 ista
1633 2435 1731 2471 ratio

244 2516 343 2552 quae
373 2505 431 2551 sit,
464 2516 549 2541 cum
579 2504 618 2541 in
650 2503 808 2552 dialogo
839 2506 918 2540 tum
950 2503 989 2539 in
1018 2502 1193 2551 partibus
1224 2502 1373 2540 melicis
1402 2501 1520 2540 facile
1550 2502 1732 2550 cognosci

243 2575 385 2621 potest3
435 2572 548 2610 modo
598 2572 717 2610 verba
762 2571 890 2609 verbis
932 2571 1151 2619 substituta,
1201 2570 1313 2608 modo
1358 2571 1562 2608 verborum
1608 2571 1732 2608 exitus

361 2681 386 2725 ¹)
411 2681 531 2716 Pauca
555 2684 637 2716 sunt
661 2680 836 2725 exempla,
863 2691 957 2724 quae
983 2681 1086 2715 affert
1108 2680 1350 2715 Wilamowitz
1375 2679 1481 2724 (Tim.
1498 2690 1533 2723 p.
1552 2680 1621 2723 41),
1652 2690 1732 2714 cum

244 2737 442 2771 sescenties
479 2737 676 2771 contrariae
712 2737 866 2771 traditae
906 2737 977 2770 sint
1015 2735 1161 2771 formae.
1220 2735 1376 2770 Nimium
1411 2736 1472 2770 ille
1508 2735 1732 2769 auctoritatis

246 2793 369 2827 tribuit
394 2792 557 2836 librariis,
596 2793 693 2836 quod
726 2804 792 2828 nos
817 2792 962 2837 quidem
988 2792 1188 2827 concedere
1221 2792 1409 2837 nequimus
1433 2802 1551 2837 neque
1575 2791 1654 2837 ipse
1679 2791 1734 2826 vir

246 2849 475 2885 doctissimus
501 2849 547 2884 de
572 2849 650 2884 aliis
675 2850 784 2884 rebus
810 2849 988 2886 concedit.
