1961 3179
203 209 291 260 [79]
629 162 634 167 ⁸
1616 210 1695 248 333

886 326 914 373 1)
939 356 946 364 .
972 356 979 363 .
1005 356 1012 364 .
1038 357 1044 364 .
1069 324 1298 377 συμφορᾶς

883 389 1044 442 ἔλαβον
1076 389 1252 433 ἔπαθον
1283 387 1385 445 ἄχος

406 461 498 499 765.
883 459 1081 510 α’βίοτου,
1117 460 1288 512 φίλαιΡ)

610 529 696 568 111).
740 525 1038 582 διοιχόμεσθα,
1069 528 1232 570 τέκνου

1018 597 1105 637 ΚΡ.
1150 628 1288 637 .....
1312 599 1342 645 3)

882 657 1076 704 ὸίαι’ταῖ’
1108 661 1245 714 {tv-⁴)

879 746 992 772 ,πτευ
1023 729 1163 773 o'd‘t'roc
1193 747 1244 785 με
1276 734 1406 773 πλευ-

878 797 1034 853 μόνων
1064 795 1204 841 τῶνδ’
1236 796 1335 841 ἔσο).

404 871 495 909 776.

608 938 695 977 ΚΡ.
873 929 972 977 τόδ’
1004 933 1075 976 ἐπὶ
1106 936 1219 990 τῷδε
1250 932 1476 989 [κεικὸι]5)

882 1037 889 1045 .
915 1037 922 1045 .
945 999 1086 1058 ἄκρον
1118 1002 1272 1052 ἔλακες
1296 1038 1302 1045 .
1328 1038 1335 1045 .

879 1066 981 1126 ἄχος
1012 1071 1107 1126 ἐμοὶ
1140 1072 1321 1114 στένειν.

403 1155 495 1192 782.

610 1222 694 1262 KP.
876 1222 894 1260 ⁸?
924 1220 1041 1274 [πῶς
1071 1219 1196 1273 φῇς,·]
1227 1215 1402 1273 ἄφατον

880 1283 1055 1340 ἄφατον
1084 1284 1386 1344 [άιάύδητον]

878 1353 1014 1411 λόγου
1045 1355 1140 1410 ἐμοὶ
1171 1358 1380 1412 &powg-fl)

403 1439 495 1475 796.

605 1507 686 1546 ΚΡ.
866 1502 938 1546 (ἓν)
966 1500 1106 1559 ὑγρὸν
1137 1504 1361 1560 ἀμπταίην

874 1570 1036 1628 αἰθέρα
1065 1569 1223 1627 πόρσω
1235 1575 1264 1624 7)
1295 1573 1384 1627 γαί-

192 1718 384 1763 quominus
409 1729 532 1763 senex,
558 1729 667 1764 quem
692 1719 858 1755 videmus
883 1729 1022 1755 summa
1038 1718 1283 1754 misericordia
1301 1729 1387 1764 erga
1405 1719 1584 1754 dominam
1605 1730 1695 1764 esse,

192 1775 289 1811 haud
312 1775 429 1811 minus
454 1776 631 1812 attonitus
657 1787 764 1822 quam
789 1776 934 1820 Creusa,
958 1777 1095 1822 primus
1121 1787 1348 1812 communem
1382 1776 1547 1812 dolorem
1573 1777 1695 1812 verbis

193 1832 379 1877 exprimat.

308 1891 335 1935 ¹)
360 1891 507 1925 Lacuna
531 1893 658 1935 aperta
683 1894 749 1935 est,
776 1902 857 1926 cum
892 1894 1089 1937 σνμφορᾶς
1121 1901 1193 1926 non
1224 1890 1367 1934 habeat,
1401 1901 1474 1935 quo
1506 1890 1694 1926 referatur.

193 1947 326 1982 Plenos
351 1951 424 1983 tres
449 1948 638 1983 dochmios
663 1948 775 1984 fuisse
800 1959 844 1983 ex
870 1959 1050 1984 consensu
1074 1958 1255 1992 versuum,
1283 1948 1344 1993 qui
1367 1951 1576 1992 sequuntur,
1603 1947 1693 1983 dilu-

192 2005 272 2040 cide
296 2009 458 2049 apparet.
506 2005 599 2040 Tres
624 2005 755 2040 breves
780 2005 944 2051 syllabae
971 2005 1194 2049 exciderunt,
1220 2015 1311 2050 quae
1336 2004 1433 2039 idem
1450 2005 1693 2050 significarunt

191 2061 290 2106 quod
315 2061 404 2096 illud
430 2058 545 2105 οἴμοι,
571 2062 670 2107 quod
695 2063 860 2108 Hartung
884 2082 928 2087 —-
952 2062 999 2097 ad
1024 2073 1170 2097 sensum
1194 2066 1294 2097 recte
1320 2082 1363 2086 —-
1388 2062 1584 2106 supplevit.

305 2121 334 2161 2)
361 2118 459 2154 Libri
483 2120 617 2165 βίοτον
642 2112 671 2153 ὦ
700 2120 819 2163 φίλαι.
868 2119 1009 2155 Seidler
1034 2123 1070 2154 et
1094 2118 1259 2164 Elmsley
1285 2129 1351 2154 em.

305 2177 333 2220 3)
359 2176 499 2211 Versus
523 2175 592 2211 fuit
622 2178 725 2221 trim.,
758 2180 798 2211 ut
830 2176 969 2221 primus
1001 2176 1106 2211 huius
1138 2176 1260 2220 partis.
1310 2177 1456 2210 Lacuna
1486 2187 1507 2210 a
1541 2176 1693 2211 librariis

192 2232 441 2268 interiectione
468 2231 558 2278 αἰαῖ,
584 2237 624 2268 ut
647 2244 767 2278 saepe,
793 2234 948 2278 expleta.

304 2291 334 2333 ⁴)
360 2290 419 2325 Sic
450 2289 533 2326 fort.
565 2294 665 2326 recte
698 2291 763 2326 Ge.
782 2290 956 2326 Schmidt.
1013 2289 1111 2325 Libri
1144 2293 1268 2325 contra
1299 2293 1470 2325 metrum:
1503 2292 1692 2331 διανταῖος

193 2340 323 2381 ἔτυπεν
347 2342 487 2383 ἔτυπεν.

304 2405 333 2447 ⁵)
360 2404 415 2439 De
449 2404 609 2440 sanando
643 2404 726 2440 loco
760 2404 928 2449 despero.
976 2405 1121 2448 Lectio,
1156 2415 1261 2449 quam
1286 2407 1490 2439 statuerunt
1520 2404 1692 2447 editores,

190 2461 309 2496 ieiuna
334 2464 399 2496 est.
447 2461 538 2496 Nam
565 2465 716 2506 apparet
739 2462 876 2496 siccum
906 2461 997 2496 illud
1029 2456 1152 2496 κακόν
1187 2461 1286 2496 iuxta
1320 2455 1408 2505 ἄχος
1440 2461 1596 2505 positum
1622 2470 1691 2495 nou

189 2517 274 2552 ferri
300 2521 336 2553 et
360 2518 551 2553 delendam
578 2529 671 2554 esse.
719 2518 914 2563 Complura
939 2522 1057 2553 autem
1083 2518 1306 2562 exciderunt,
1342 2528 1434 2562 quac
1466 2529 1536 2553 uno
1562 2518 1690 2553 iterato

190 2570 320 2616 ἔλακες
344 2575 516 2620 (Scidler)
542 2587 612 2611 non
637 2576 884 2611 restituuntur.

303 2633 330 2677 6)
356 2633 474 2667 Etiam
498 2632 554 2667 his
579 2633 614 2667 in
639 2633 806 2668 versibus
831 2632 943 2667 multa
967 2632 1162 2677 perierunt.
1212 2627 1436 2676 'Arai-owswv
1453 2634 1492 2667 ut
1508 2632 1691 2677 glossema

188 2689 235 2724 ad
254 2683 401 2733 ἄφατον
418 2689 548 2724 delevi.
597 2690 787 2725 Praeterea
804 2690 915 2725 verba
931 2692 1008 2737 πῷς
1026 2695 1115 2734 (ρῄς;
1135 2689 1352 2734 interpolata
1369 2689 1548 2724 videntur.
1598 2689 1689 2724 Tres

190 2746 377 2781 dochmios
411 2745 619 2790 explevisse
652 2746 781 2791 verba,
819 2757 910 2791 quae
947 2747 1160 2782 exciderunt
1184 2747 1289 2781 simul
1317 2757 1397 2781 cum
1423 2747 1560 2791 paucis,
1598 2756 1689 2790 qnae

189 2807 336 2838 servata
359 2807 454 2846 sunt,
481 2814 525 2839 ex
550 2804 735 2839 harmonia
759 2808 896 2839 certum
922 2808 985 2839 est.

305 2862 334 2905 ⁷)
360 2861 457 2896 Libri
482 2856 623 2907 πρόσω.
672 2861 775 2896 Dind.
803 2871 893 2896 corr.
