1961 3179
183 188 268 240 [67]
1595 191 1672 230 371

181 305 226 342 In
255 304 383 353 priore
414 306 524 353 parte
555 303 781 343 dochmiaca
811 303 978 343 dochmii
1008 304 1169 344 formam
1201 319 1223 343 a
1254 304 1452 355 praebent,
1482 306 1521 343 in
1553 307 1677 343 altera

181 371 299 411 hanc:

889 442 914 480 b
943 442 967 480 b

875 522 898 547 a
919 521 941 547 a
962 522 995 557 a,

181 598 420 646 (syllabatim
451 597 531 636 fere
561 598 799 647 respondent
829 600 984 648 singula
1014 601 1162 648 metra).

294 666 421 704 Etiam
452 667 575 704 altera
605 666 788 716 periodus
819 668 934 706 simili
965 668 1077 706 modo
1110 669 1323 717 composita
1353 671 1427 706 est:

387 758 479 796 702.
782 759 880 796 trim.

686 788 699 867 1
774 825 854 866 4.,
936 826 951 910 1

680 868 880 974 {mn
932 911 944 990 1
1004 892 1086 1015 4<ss
1120 892 1161 944 a>

386 962 478 999 710.
687 976 698 1054 Ι
773 963 799 1000 4
832 960 858 1001 (5

727 1031 750 1067 2
781 1031 880 1068 trim.
1000 1017 1013 1115 Ι

387 1098 478 1138 715.
773 1099 798 1136 8
832 1097 858 1138 ὁ

179 1191 343 1239 Singula
374 1190 544 1228 membra
576 1188 806 1228 dochmiaea
836 1189 934 1229 haee
965 1192 1070 1228 sunt:

386 1281 478 1318 703.
762 1282 790 1318 I.
918 1281 942 1318 b

890 1361 912 1386 a
944 1362 966 1386 a

386 1418 479 1456 710.
744 1417 794 1454 Π.
894 1417 919 1453 4
944 1430 967 1454 a

386 1486 477 1523 715.
725 1485 794 1523 111.
865 1498 889 1522 a
924 1496 944 1523 o
976 1498 999 1522 a

889 1565 913 1591 a
946 1566 969 1591 a

861 1621 885 1659 b
917 1634 940 1659 a
970 1621 1006 1661 b.

294 1736 401 1775 Hec.
444 1736 560 1775 1056.
626 1736 908 1784 Polymestoris
948 1735 1151 1775 monodiae
1192 1737 1354 1786 primam
1393 1738 1554 1786 partem,
1595 1748 1681 1775 cum

182 1806 290 1843 clara
320 1805 499 1843 videatur
529 1817 624 1853 esse,
666 1806 926 1844 necessarium
965 1818 1043 1844 non
1072 1808 1165 1855 puto
1202 1817 1262 1844 me
1294 1806 1523 1847 exscribere.
1582 1807 1682 1844 Bina

181 1874 301 1912 verba
336 1874 572 1923 transposita
609 1876 697 1912 sunt
733 1887 756 1911 a
790 1874 959 1912 librariis
995 1873 1059 1922 (ef.
1080 1886 1117 1923 p.
1140 1874 1191 1911 65
1229 1873 1318 1912 adn.
1340 1875 1380 1923 2)
1416 1874 1537 1912 tribus
1572 1875 1681 1921 loeis,

181 1954 343 1991 quorum
375 1942 450 1980 duo
481 1943 520 1979 in
552 1954 598 1980 ea
628 1954 669 1981 re
702 1942 958 1988 consentiunt,
990 1942 1094 1990 quod
1125 1943 1291 1980 alterum
1312 1954 1360 1980 ex
1382 1942 1531 1980 duobus
1552 1943 1681 1980 verbis

181 2011 350 2060 paribus⁷
391 2022 489 2059 quae
529 2011 606 2048 alio
639 2010 831 2049 disiuncta
863 2012 983 2058 erant,
1024 2009 1073 2048 ad
1105 2011 1269 2048 alterum
1301 2010 1495 2048 admotum
1528 2012 1599 2048 est:
1640 2011 1681 2048 in

181 2091 216 2119 v.
241 2079 350 2116 1064
386 2078 494 2116 libri:
531 2075 738 2118 τάλαιναι
776 2074 983 2118 τάλαιναι
1014 2072 1157 2130 κόραι,
1195 2078 1314 2117 Seidl.
1342 2081 1379 2116 et
1408 2078 1539 2119 Herm.
1559 2081 1679 2118 recte:

180 2141 276 2186 τάλ.
305 2141 400 2199 κόρ.
428 2141 542 2196 τάλ.,
583 2148 623 2184 in
663 2160 700 2186 v,
724 2148 832 2184 1068
874 2147 966 2184 libri
1005 2144 1210 2186 ἄκέσσαιο
1253 2138 1454 2186 ἇκέσσαιο
1496 2139 1680 2197 τυφλόν,

180 2215 296 2254 Weil.
329 2227 400 2252 em.
432 2213 500 2255 ἀκ.
531 2228 633 2266 τυφ.
667 2212 733 2255 cix.
773 2237 830 2244 —
874 2216 1084 2253 Praeterea
1132 2214 1250 2254 Seidl.
1289 2217 1395 2252 reete
1444 2216 1681 2264 transposuit

180 2283 220 2321 in
250 2295 286 2321 v.
311 2284 418 2321 1073
448 2281 683 2336 τιθέμενος
713 2283 871 2337 θηρῶν
902 2283 1008 2332 (libri
1037 2282 1196 2337 θηρῶν
1226 2280 1486 2335 τιθέμενος).

295 2352 455 2390 Praeter
493 2352 565 2391 hos
605 2355 683 2390 tres
723 2353 831 2391 locos
868 2351 980 2390 codd.
1001 2352 1192 2401 scriptura
1231 2351 1373 2399 ubique
1405 2351 1497 2388 mihi
1528 2350 1680 2389 videtur

181 2420 338 2458 retineri
374 2432 499 2469 posse.
559 2421 640 2458 Iam
677 2420 877 2458 videamus
907 2431 1097 2458 numeros.
1156 2420 1256 2457 Nam
1287 2420 1435 2457 numeri
1466 2419 1580 2456 etiam
1615 2419 1677 2456 hio

182 2491 324 2537 extant,
346 2489 522 2537 quamvis
543 2489 592 2527 sit
609 2489 776 2527 excitata
793 2487 983 2535 monodia,
1006 2488 1180 2536 quamvis
1198 2487 1354 2536 tragica.
1395 2487 1678 2525 Permiseentur

181 2556 297 2605 furor,
330 2556 452 2604 dolor,
474 2557 750 2605 querimoniae,
781 2556 1062 2606 permiscentur
1082 2567 1227 2604 sensus,
1259 2555 1521 2604 cogitationes,
1541 2556 1677 2593 inanes

181 2625 496 2674 exclamationes
533 2625 811 2674 permiscentur
851 2627 974 2662 metra
1003 2646 1058 2650 —-
1088 2624 1237 2661 numeri
1266 2635 1345 2661 non
1375 2626 1538 2673 pereunt
1568 2627 1608 2661 ut
1638 2624 1675 2661 in

181 2693 310 2741 magni
340 2695 479 2742 poetae
512 2705 640 2742 opere.

292 2761 435 2799 Versus
477 2772 598 2809 usque
640 2760 690 2798 ad
728 2759 899 2799 v.1064
940 2759 1014 2799 hoe
1054 2760 1168 2798 modo
1210 2760 1411 2809 compositi
1439 2762 1537 2798 sunt.
1596 2761 1676 2798 Ter

177 2831 288 2867 terna
331 2831 537 2867 occurrunt
578 2828 763 2877 membra,
805 2829 853 2866 ab
894 2828 1031 2867 eodem
1072 2827 1250 2867 doehmio
1292 2829 1496 2878 incipiunt,
1538 2827 1674 2867 eodem

1406 2905 1447 2938 5*
