<?xml version="1.0" encoding="UTF-8"?>
<!DOCTYPE html PUBLIC "-//W3C//DTD XHTML 1.0 Transitional//EN"
    "http://www.w3.org/TR/xhtml1/DTD/xhtml1-transitional.dtd">
<html xmlns="http://www.w3.org/1999/xhtml" xml:lang="en" lang="en">
 <head>
  <title>
</title>
<meta http-equiv="Content-Type" content="text/html;charset=utf-8" />
  <meta name='ocr-system' content='tesseract 3.04.00' />
  <meta name='ocr-capabilities' content='ocr_page ocr_carea ocr_par ocr_line ocrx_word'/>
</head>
<body>
  <div class='ocr_page' id='page_1' title='image "./novastudiaeuripi00lohmuoft_0142.png"; bbox 0 0 1961 3179; ppageno 0'>
   <div class='ocr_carea' id='block_1_1' title="bbox 295 111 1787 162">
    <p class='ocr_par' dir='ltr' id='par_1_1' title="bbox 295 111 1787 162">
     <span class='ocr_line' id='line_1_1' title="bbox 295 111 1787 162; baseline 0.001 -14"><span class='ocrx_word' id='word_1_1' title='bbox 295 111 381 148; x_wconf 86' lang='lat'><strong>434</strong></span> <span class='ocrx_word' id='word_1_2' title='bbox 1671 111 1787 162; x_wconf 89' lang='lat'>[130]</span> 
     </span>
    </p>
   </div>
   <div class='ocr_carea' id='block_1_2' title="bbox 290 223 1788 1834">
    <p class='ocr_par' dir='ltr' id='par_1_2' title="bbox 296 223 1788 748">
     <span class='ocr_line' id='line_1_2' title="bbox 297 223 1788 273; baseline 0.001 -12"><span class='ocrx_word' id='word_1_3' title='bbox 297 226 469 273; x_wconf 86' lang='lat' dir='ltr'><strong>apparet,</strong></span> <span class='ocrx_word' id='word_1_4' title='bbox 510 223 731 262; x_wconf 80' lang='lat' dir='ltr'>decernere.</span> <span class='ocrx_word' id='word_1_5' title='bbox 790 224 889 262; x_wconf 86' lang='lat' dir='ltr'><strong>Nam</strong></span> <span class='ocrx_word' id='word_1_6' title='bbox 929 225 1050 262; x_wconf 88' lang='lat' dir='ltr'><strong>multa</strong></span> <span class='ocrx_word' id='word_1_7' title='bbox 1085 223 1258 273; x_wconf 87' lang='lat' dir='ltr'><strong>proferat</strong></span> <span class='ocrx_word' id='word_1_8' title='bbox 1287 225 1494 273; x_wconf 83' lang='lat' dir='ltr'>quispiam:</span> <span class='ocrx_word' id='word_1_9' title='bbox 1535 225 1576 261; x_wconf 89' lang='lat' dir='ltr'><strong>in</strong></span> <span class='ocrx_word' id='word_1_10' title='bbox 1606 224 1788 262; x_wconf 84' lang='lat' dir='ltr'><strong>monodia</strong></span> 
     </span>
     <span class='ocr_line' id='line_1_3' title="bbox 296 291 1787 341; baseline 0 -12"><span class='ocrx_word' id='word_1_11' title='bbox 296 294 374 329; x_wconf 89' lang='lat' dir='ltr'><strong>tam</strong></span> <span class='ocrx_word' id='word_1_12' title='bbox 401 293 522 341; x_wconf 84' lang='lat' dir='ltr'><strong>longa</strong></span> <span class='ocrx_word' id='word_1_13' title='bbox 542 292 779 329; x_wconf 79' lang='lat' dir='ltr'><strong>intersistere</strong></span> <span class='ocrx_word' id='word_1_14' title='bbox 800 291 978 330; x_wconf 79' lang='lat' dir='ltr'><strong>debuisse</strong></span> <span class='ocrx_word' id='word_1_15' title='bbox 999 292 1232 339; x_wconf 82' lang='lat' dir='ltr'><strong>histrionem,</strong></span> <span class='ocrx_word' id='word_1_16' title='bbox 1263 294 1303 329; x_wconf 90' lang='lat' dir='ltr'><strong>ut</strong></span> <span class='ocrx_word' id='word_1_17' title='bbox 1323 293 1546 341; x_wconf 84' lang='lat' dir='ltr'><strong>respiraret3</strong></span> <span class='ocrx_word' id='word_1_18' title='bbox 1577 293 1787 330; x_wconf 89' lang='lat' dir='ltr'><strong>nonnullos</strong></span> 
     </span>
     <span class='ocr_line' id='line_1_4' title="bbox 296 360 1788 409; baseline 0.001 -13"><span class='ocrx_word' id='word_1_19' title='bbox 296 371 430 397; x_wconf 86' lang='lat' dir='ltr'><strong>versus</strong></span> <span class='ocrx_word' id='word_1_20' title='bbox 457 360 510 397; x_wconf 88' lang='lat' dir='ltr'><strong>ita</strong></span> <span class='ocrx_word' id='word_1_21' title='bbox 536 360 683 397; x_wconf 91' lang='lat' dir='ltr'><strong>solutos</strong></span> <span class='ocrx_word' id='word_1_22' title='bbox 705 371 798 406; x_wconf 90' lang='lat' dir='ltr'><strong>esse,</strong></span> <span class='ocrx_word' id='word_1_23' title='bbox 829 362 870 397; x_wconf 86' lang='lat' dir='ltr'><strong>ut</strong></span> <span class='ocrx_word' id='word_1_24' title='bbox 891 360 1032 408; x_wconf 90' lang='lat' dir='ltr'><strong>optime</strong></span> <span class='ocrx_word' id='word_1_25' title='bbox 1054 371 1186 398; x_wconf 84' lang='lat' dir='ltr'><strong>servus</strong></span> <span class='ocrx_word' id='word_1_26' title='bbox 1209 371 1274 398; x_wconf 88' lang='lat' dir='ltr'><strong>eos</strong></span> <span class='ocrx_word' id='word_1_27' title='bbox 1295 361 1531 409; x_wconf 89' lang='lat' dir='ltr'><strong>loqueretur,</strong></span> <span class='ocrx_word' id='word_1_28' title='bbox 1562 360 1788 409; x_wconf 87' lang='lat' dir='ltr'><strong>praesertim</strong></span> 
     </span>
     <span class='ocr_line' id='line_1_5' title="bbox 297 427 1787 477; baseline 0.001 -13"><span class='ocrx_word' id='word_1_29' title='bbox 297 439 381 465; x_wconf 88' lang='lat' dir='ltr'><strong>cum</strong></span> <span class='ocrx_word' id='word_1_30' title='bbox 413 439 528 465; x_wconf 90' lang='lat' dir='ltr'><strong>sensu</strong></span> <span class='ocrx_word' id='word_1_31' title='bbox 559 430 596 465; x_wconf 92' lang='lat' dir='ltr'><strong>et</strong></span> <span class='ocrx_word' id='word_1_32' title='bbox 628 427 781 465; x_wconf 89' lang='lat' dir='ltr'><strong>dicendi</strong></span> <span class='ocrx_word' id='word_1_33' title='bbox 811 428 961 465; x_wconf 87' lang='lat' dir='ltr'><strong>ratione</strong></span> <span class='ocrx_word' id='word_1_34' title='bbox 991 428 1056 464; x_wconf 81' lang='lat' dir='ltr'><strong>vix</strong></span> <span class='ocrx_word' id='word_1_35' title='bbox 1089 427 1274 466; x_wconf 88' lang='lat' dir='ltr'><strong>distarent</strong></span> <span class='ocrx_word' id='word_1_36' title='bbox 1299 428 1346 465; x_wconf 88' lang='lat' dir='ltr'><strong>ab</strong></span> <span class='ocrx_word' id='word_1_37' title='bbox 1370 429 1435 477; x_wconf 89' lang='lat' dir='ltr'><strong>eis,</strong></span> <span class='ocrx_word' id='word_1_38' title='bbox 1467 428 1592 477; x_wconf 88' lang='lat' dir='ltr'><strong>quiin</strong></span> <span class='ocrx_word' id='word_1_39' title='bbox 1613 428 1787 465; x_wconf 86' lang='lat' dir='ltr'><strong>diverbio</strong></span> 
     </span>
     <span class='ocr_line' id='line_1_6' title="bbox 296 495 1787 545; baseline 0 -13"><span class='ocrx_word' id='word_1_40' title='bbox 296 495 437 532; x_wconf 87' lang='lat' dir='ltr'><strong>nuntiis</strong></span> <span class='ocrx_word' id='word_1_41' title='bbox 468 495 738 533; x_wconf 81' lang='lat' dir='ltr'><strong>tribuerentur.</strong></span> <span class='ocrx_word' id='word_1_42' title='bbox 797 496 945 533; x_wconf 82' lang='lat' dir='ltr'><strong>Tamen</strong></span> <span class='ocrx_word' id='word_1_43' title='bbox 976 507 1061 533; x_wconf 90' lang='lat' dir='ltr'><strong>cum</strong></span> <span class='ocrx_word' id='word_1_44' title='bbox 1083 498 1139 533; x_wconf 87' lang='lat' dir='ltr'><strong>tot</strong></span> <span class='ocrx_word' id='word_1_45' title='bbox 1169 496 1350 545; x_wconf 79' lang='lat' dir='ltr'><strong>exempla</strong></span> <span class='ocrx_word' id='word_1_46' title='bbox 1380 496 1566 544; x_wconf 88' lang='lat' dir='ltr'><strong>praebeat</strong></span> <span class='ocrx_word' id='word_1_47' title='bbox 1596 495 1787 543; x_wconf 86' lang='lat' dir='ltr'><strong>monodia,</strong></span> 
     </span>
     <span class='ocr_line' id='line_1_7' title="bbox 296 562 1788 612; baseline 0.001 -13"><span class='ocrx_word' id='word_1_48' title='bbox 296 575 373 600; x_wconf 90' lang='lat' dir='ltr'><strong>non</strong></span> <span class='ocrx_word' id='word_1_49' title='bbox 419 563 621 601; x_wconf 79' lang='lat' dir='ltr'><strong>admittere</strong></span> <span class='ocrx_word' id='word_1_50' title='bbox 661 564 871 601; x_wconf 86' lang='lat' dir='ltr'><strong>voluisse</strong></span> <span class='ocrx_word' id='word_1_51' title='bbox 912 562 1085 601; x_wconf 85' lang='lat' dir='ltr'><strong>videmus</strong></span> <span class='ocrx_word' id='word_1_52' title='bbox 1125 565 1279 612; x_wconf 84' lang='lat' dir='ltr'><strong>poetam</strong></span> <span class='ocrx_word' id='word_1_53' title='bbox 1321 575 1405 601; x_wconf 88' lang='lat' dir='ltr'><strong>eam</strong></span> <span class='ocrx_word' id='word_1_54' title='bbox 1444 564 1659 611; x_wconf 85' lang='lat' dir='ltr'><strong>licentiam,</strong></span> <span class='ocrx_word' id='word_1_55' title='bbox 1711 575 1788 612; x_wconf 85' lang='lat' dir='ltr'><strong>qua</strong></span> 
     </span>
     <span class='ocr_line' id='line_1_8' title="bbox 297 631 1787 680; baseline 0.001 -13"><span class='ocrx_word' id='word_1_56' title='bbox 297 631 335 668; x_wconf 90' lang='lat' dir='ltr'><strong>in</strong></span> <span class='ocrx_word' id='word_1_57' title='bbox 377 631 533 680; x_wconf 84' lang='lat' dir='ltr'><strong>dialogo</strong></span> <span class='ocrx_word' id='word_1_58' title='bbox 574 643 725 680; x_wconf 86' lang='lat' dir='ltr'><strong>semper</strong></span> <span class='ocrx_word' id='word_1_59' title='bbox 765 632 898 678; x_wconf 88' lang='lat' dir='ltr'><strong>utitur,</strong></span> <span class='ocrx_word' id='word_1_60' title='bbox 945 643 1071 680; x_wconf 90' lang='lat' dir='ltr'><strong>neque</strong></span> <span class='ocrx_word' id='word_1_61' title='bbox 1117 632 1195 669; x_wconf 84' lang='lat' dir='ltr'><strong>alia</strong></span> <span class='ocrx_word' id='word_1_62' title='bbox 1236 643 1352 669; x_wconf 86' lang='lat' dir='ltr'><strong>causa</strong></span> <span class='ocrx_word' id='word_1_63' title='bbox 1391 632 1514 680; x_wconf 88' lang='lat' dir='ltr'><strong>potuit</strong></span> <span class='ocrx_word' id='word_1_64' title='bbox 1555 631 1787 670; x_wconf 82' lang='lat' dir='ltr'><strong>commoveri</strong></span> 
     </span>
     <span class='ocr_line' id='line_1_9' title="bbox 296 699 1274 748; baseline 0.001 -12"><span class='ocrx_word' id='word_1_65' title='bbox 296 710 409 747; x_wconf 87' lang='lat' dir='ltr'><strong>quam</strong></span> <span class='ocrx_word' id='word_1_66' title='bbox 441 699 544 747; x_wconf 88' lang='lat' dir='ltr'><strong>quod</strong></span> <span class='ocrx_word' id='word_1_67' title='bbox 575 700 657 748; x_wconf 89' lang='lat' dir='ltr'><strong>ipse</strong></span> <span class='ocrx_word' id='word_1_68' title='bbox 688 700 816 737; x_wconf 88' lang='lat' dir='ltr'><strong>cantui</strong></span> <span class='ocrx_word' id='word_1_69' title='bbox 847 699 979 737; x_wconf 85' lang='lat' dir='ltr'><strong>tribuit</strong></span> <span class='ocrx_word' id='word_1_70' title='bbox 1009 700 1099 737; x_wconf 90' lang='lat' dir='ltr'><strong>illos</strong></span> <span class='ocrx_word' id='word_1_71' title='bbox 1130 711 1274 738; x_wconf 88' lang='lat' dir='ltr'><strong>versus.</strong></span> 
     </span>
    </p>

    <p class='ocr_par' dir='ltr' id='par_1_3' title="bbox 292 766 1786 1019">
     <span class='ocr_line' id='line_1_10' title="bbox 407 766 1786 816; baseline 0 -12"><span class='ocrx_word' id='word_1_72' title='bbox 407 766 490 816; x_wconf 91' lang='lat' dir='ltr'><strong>Iph.</strong></span> <span class='ocrx_word' id='word_1_73' title='bbox 506 767 597 804; x_wconf 90' lang='lat' dir='ltr'><strong>Aul.</strong></span> <span class='ocrx_word' id='word_1_74' title='bbox 614 768 888 816; x_wconf 83' lang='lat' dir='ltr'><strong>praetermitto,</strong></span> <span class='ocrx_word' id='word_1_75' title='bbox 911 767 1013 816; x_wconf 90' lang='lat' dir='ltr'><strong>quod</strong></span> <span class='ocrx_word' id='word_1_76' title='bbox 1035 768 1178 805; x_wconf 88' lang='lat' dir='ltr'><strong>multae</strong></span> <span class='ocrx_word' id='word_1_77' title='bbox 1196 768 1297 805; x_wconf 87' lang='lat' dir='ltr'><strong>aliae</strong></span> <span class='ocrx_word' id='word_1_78' title='bbox 1315 767 1557 816; x_wconf 85' lang='lat' dir='ltr'><strong>quaestiones</strong></span> <span class='ocrx_word' id='word_1_79' title='bbox 1574 766 1786 805; x_wconf 84' lang='lat' dir='ltr'><strong>solvendae</strong></span> 
     </span>
     <span class='ocr_line' id='line_1_11' title="bbox 294 835 1785 884; baseline 0 -12"><span class='ocrx_word' id='word_1_80' title='bbox 294 837 390 881; x_wconf 89' lang='lat' dir='ltr'><strong>sunt,</strong></span> <span class='ocrx_word' id='word_1_81' title='bbox 421 835 643 884; x_wconf 86' lang='lat' dir='ltr'><strong>priusquam</strong></span> <span class='ocrx_word' id='word_1_82' title='bbox 675 847 724 873; x_wconf 81' lang='lat' dir='ltr'><strong>ex</strong></span> <span class='ocrx_word' id='word_1_83' title='bbox 754 848 800 873; x_wconf 91' lang='lat' dir='ltr'><strong>ea</strong></span> <span class='ocrx_word' id='word_1_84' title='bbox 830 835 965 873; x_wconf 87' lang='lat' dir='ltr'><strong>fabula</strong></span> <span class='ocrx_word' id='word_1_85' title='bbox 990 837 1219 884; x_wconf 79' lang='lat' dir='ltr'><strong>„exempla“</strong></span> <span class='ocrx_word' id='word_1_86' title='bbox 1253 836 1465 873; x_wconf 87' lang='lat' dir='ltr'><strong>afferamus.</strong></span> <span class='ocrx_word' id='word_1_87' title='bbox 1524 836 1662 883; x_wconf 88' lang='lat' dir='ltr'><strong>Neque</strong></span> <span class='ocrx_word' id='word_1_88' title='bbox 1693 846 1785 872; x_wconf 88' lang='lat' dir='ltr'><strong>vero</strong></span> 
     </span>
     <span class='ocr_line' id='line_1_12' title="bbox 292 902 1786 951; baseline 0.001 -12"><span class='ocrx_word' id='word_1_89' title='bbox 292 902 455 940; x_wconf 89' lang='lat' dir='ltr'><strong>trimetri</strong></span> <span class='ocrx_word' id='word_1_90' title='bbox 496 903 640 940; x_wconf 89' lang='lat' dir='ltr'><strong>cantati</strong></span> <span class='ocrx_word' id='word_1_91' title='bbox 684 903 802 951; x_wconf 83' lang='grc'><strong>1284,</strong></span> <span class='ocrx_word' id='word_1_92' title='bbox 846 904 965 951; x_wconf 86' lang='grc'><strong>1311,</strong></span> <span class='ocrx_word' id='word_1_93' title='bbox 1010 904 1132 950; x_wconf 79' lang='lat'>13183</span> <span class='ocrx_word' id='word_1_94' title='bbox 1178 903 1296 951; x_wconf 82' lang='lat'><strong>1488,</strong></span> <span class='ocrx_word' id='word_1_95' title='bbox 1342 903 1446 940; x_wconf 87' lang='grc'><strong>1516</strong></span> <span class='ocrx_word' id='word_1_96' title='bbox 1489 902 1697 941; x_wconf 86' lang='lat' dir='ltr'><strong>abhorrent</strong></span> <span class='ocrx_word' id='word_1_97' title='bbox 1737 902 1786 940; x_wconf 88' lang='lat' dir='ltr'><strong>ab</strong></span> 
     </span>
     <span class='ocr_line' id='line_1_13' title="bbox 292 970 633 1019; baseline 0 -11"><span class='ocrx_word' id='word_1_98' title='bbox 292 970 486 1019; x_wconf 82' lang='lat' dir='ltr'><strong>EuripidiS</strong></span> <span class='ocrx_word' id='word_1_99' title='bbox 516 983 633 1008; x_wconf 91' lang='lat' dir='ltr'><strong>more.</strong></span> 
     </span>
    </p>

    <p class='ocr_par' dir='ltr' id='par_1_4' title="bbox 291 1038 1786 1359">
     <span class='ocr_line' id='line_1_14' title="bbox 409 1038 1786 1088; baseline 0.001 -13"><span class='ocrx_word' id='word_1_100' title='bbox 409 1038 537 1084; x_wconf 76' lang='lat' dir='ltr'><strong>Haec⁴</strong></span> <span class='ocrx_word' id='word_1_101' title='bbox 560 1038 760 1076; x_wconf 86' lang='lat' dir='ltr'><strong>hactenus.</strong></span> <span class='ocrx_word' id='word_1_102' title='bbox 828 1038 1013 1077; x_wconf 86' lang='lat' dir='ltr'><strong>Videmus</strong></span> <span class='ocrx_word' id='word_1_103' title='bbox 1058 1040 1260 1088; x_wconf 84' lang='lat' dir='ltr'><strong>permultis</strong></span> <span class='ocrx_word' id='word_1_104' title='bbox 1304 1039 1422 1076; x_wconf 89' lang='lat' dir='ltr'><strong>variis</strong></span> <span class='ocrx_word' id='word_1_105' title='bbox 1468 1038 1592 1076; x_wconf 86' lang='lat' dir='ltr'><strong>causis</strong></span> <span class='ocrx_word' id='word_1_106' title='bbox 1632 1040 1786 1087; x_wconf 88' lang='lat' dir='ltr'><strong>poetam</strong></span> 
     </span>
     <span class='ocr_line' id='line_1_15' title="bbox 293 1106 1784 1155; baseline 0 -11"><span class='ocrx_word' id='word_1_107' title='bbox 293 1109 521 1144; x_wconf 90' lang='lat' dir='ltr'><strong>commotum</strong></span> <span class='ocrx_word' id='word_1_108' title='bbox 564 1118 664 1154; x_wconf 84' lang='lat' dir='ltr'><strong>esse,</strong></span> <span class='ocrx_word' id='word_1_109' title='bbox 707 1109 749 1144; x_wconf 92' lang='lat' dir='ltr'><strong>ut</strong></span> <span class='ocrx_word' id='word_1_110' title='bbox 792 1107 964 1155; x_wconf 86' lang='lat' dir='ltr'><strong>partibus</strong></span> <span class='ocrx_word' id='word_1_111' title='bbox 1009 1107 1145 1155; x_wconf 79' lang='lat' dir='ltr'><strong>lyricis</strong></span> <span class='ocrx_word' id='word_1_112' title='bbox 1186 1107 1378 1145; x_wconf 86' lang='lat' dir='ltr'><strong>trimetros</strong></span> <span class='ocrx_word' id='word_1_113' title='bbox 1419 1107 1603 1144; x_wconf 83' lang='lat' dir='ltr'><strong>iambicos</strong></span> <span class='ocrx_word' id='word_1_114' title='bbox 1652 1106 1784 1144; x_wconf 89' lang='lat' dir='ltr'><strong>itidem</strong></span> 
     </span>
     <span class='ocr_line' id='line_1_16' title="bbox 291 1174 1785 1224; baseline -0.001 -12"><span class='ocrx_word' id='word_1_115' title='bbox 291 1176 465 1212; x_wconf 85' lang='lat' dir='ltr'><strong>cantatos</strong></span> <span class='ocrx_word' id='word_1_116' title='bbox 496 1175 787 1212; x_wconf 84' lang='lat' dir='ltr'><strong>intermisceret.</strong></span> <span class='ocrx_word' id='word_1_117' title='bbox 849 1174 921 1220; x_wconf 82' lang='lat' dir='ltr'><strong>Qui</strong></span> <span class='ocrx_word' id='word_1_118' title='bbox 953 1174 1065 1212; x_wconf 90' lang='lat' dir='ltr'><strong>modo</strong></span> <span class='ocrx_word' id='word_1_119' title='bbox 1096 1175 1247 1224; x_wconf 89' lang='lat' dir='ltr'><strong>periodi</strong></span> <span class='ocrx_word' id='word_1_120' title='bbox 1274 1175 1438 1213; x_wconf 86' lang='lat' dir='ltr'><strong>alicuius</strong></span> <span class='ocrx_word' id='word_1_121' title='bbox 1458 1175 1606 1212; x_wconf 90' lang='lat' dir='ltr'><strong>initium</strong></span> <span class='ocrx_word' id='word_1_122' title='bbox 1627 1174 1785 1221; x_wconf 88' lang='lat' dir='ltr'><strong>faciunt,</strong></span> 
     </span>
     <span class='ocr_line' id='line_1_17' title="bbox 291 1241 1784 1291; baseline 0 -12"><span class='ocrx_word' id='word_1_123' title='bbox 291 1241 404 1279; x_wconf 90' lang='lat' dir='ltr'><strong>modo</strong></span> <span class='ocrx_word' id='word_1_124' title='bbox 435 1241 566 1288; x_wconf 83' lang='lat' dir='ltr'><strong>finem3</strong></span> <span class='ocrx_word' id='word_1_125' title='bbox 607 1241 720 1280; x_wconf 92' lang='lat' dir='ltr'><strong>modo</strong></span> <span class='ocrx_word' id='word_1_126' title='bbox 753 1254 799 1279; x_wconf 74' lang='lat' dir='ltr'><strong>ex</strong></span> <span class='ocrx_word' id='word_1_127' title='bbox 829 1242 913 1291; x_wconf 86' lang='lat' dir='ltr'><strong>ipsa</strong></span> <span class='ocrx_word' id='word_1_128' title='bbox 943 1255 998 1290; x_wconf 86' lang='lat' dir='ltr'><strong>re,</strong></span> <span class='ocrx_word' id='word_1_129' title='bbox 1029 1242 1142 1280; x_wconf 92' lang='lat' dir='ltr'><strong>modo</strong></span> <span class='ocrx_word' id='word_1_130' title='bbox 1175 1254 1194 1280; x_wconf 93' lang='lat' dir='ltr'><strong>e</strong></span> <span class='ocrx_word' id='word_1_131' title='bbox 1226 1243 1393 1280; x_wconf 87' lang='lat' dir='ltr'><strong>numeris</strong></span> <span class='ocrx_word' id='word_1_132' title='bbox 1433 1254 1565 1282; x_wconf 88' lang='lat' dir='ltr'><strong>eorum</strong></span> <span class='ocrx_word' id='word_1_133' title='bbox 1597 1253 1784 1289; x_wconf 87' lang='lat' dir='ltr'><strong>versuum,</strong></span> 
     </span>
     <span class='ocr_line' id='line_1_18' title="bbox 294 1309 1348 1359; baseline 0.002 -13"><span class='ocrx_word' id='word_1_134' title='bbox 294 1309 359 1358; x_wconf 90' lang='lat' dir='ltr'><strong>qui</strong></span> <span class='ocrx_word' id='word_1_135' title='bbox 390 1309 624 1348; x_wconf 85' lang='lat' dir='ltr'><strong>antecedunt</strong></span> <span class='ocrx_word' id='word_1_136' title='bbox 654 1321 721 1348; x_wconf 86' lang='lat' dir='ltr'><strong>seu</strong></span> <span class='ocrx_word' id='word_1_137' title='bbox 752 1313 974 1358; x_wconf 82' lang='lat' dir='ltr'><strong>sequuntur,</strong></span> <span class='ocrx_word' id='word_1_138' title='bbox 1006 1310 1147 1348; x_wconf 87' lang='lat' dir='ltr'><strong>deduci</strong></span> <span class='ocrx_word' id='word_1_139' title='bbox 1177 1313 1348 1359; x_wconf 88' lang='lat' dir='ltr'><strong>possunt.</strong></span> 
     </span>
    </p>

    <p class='ocr_par' dir='ltr' id='par_1_5' title="bbox 290 1377 1784 1834">
     <span class='ocr_line' id='line_1_19' title="bbox 408 1377 1784 1427; baseline 0.001 -12"><span class='ocrx_word' id='word_1_140' title='bbox 408 1378 602 1416; x_wconf 81' lang='lat' dir='ltr'><strong>Summam</strong></span> <span class='ocrx_word' id='word_1_141' title='bbox 632 1377 709 1414; x_wconf 83' lang='lat' dir='ltr'><strong>vim</strong></span> <span class='ocrx_word' id='word_1_142' title='bbox 741 1377 856 1415; x_wconf 89' lang='lat' dir='ltr'><strong>tribui</strong></span> <span class='ocrx_word' id='word_1_143' title='bbox 887 1378 1051 1425; x_wconf 70' lang='lat' dir='ltr'><strong>syllabis</strong></span> <span class='ocrx_word' id='word_1_144' title='bbox 1092 1379 1285 1416; x_wconf 85' lang='lat' dir='ltr'><strong>brevibus.</strong></span> <span class='ocrx_word' id='word_1_145' title='bbox 1344 1378 1476 1426; x_wconf 88' lang='lat' dir='ltr'><strong>Atque</strong></span> <span class='ocrx_word' id='word_1_146' title='bbox 1506 1378 1597 1415; x_wconf 90' lang='lat' dir='ltr'><strong>mihi</strong></span> <span class='ocrx_word' id='word_1_147' title='bbox 1627 1389 1784 1427; x_wconf 86' lang='lat' dir='ltr'><strong>persua-</strong></span> 
     </span>
     <span class='ocr_line' id='line_1_20' title="bbox 295 1445 1784 1495; baseline 0.001 -13"><span class='ocrx_word' id='word_1_148' title='bbox 295 1445 485 1482; x_wconf 87' lang='lat' dir='ltr'><strong>sissimum</strong></span> <span class='ocrx_word' id='word_1_149' title='bbox 517 1447 575 1483; x_wconf 89' lang='lat' dir='ltr'><strong>est</strong></span> <span class='ocrx_word' id='word_1_150' title='bbox 604 1445 643 1483; x_wconf 92' lang='lat' dir='ltr'><strong>id</strong></span> <span class='ocrx_word' id='word_1_151' title='bbox 684 1457 762 1482; x_wconf 91' lang='lat' dir='ltr'><strong>non</strong></span> <span class='ocrx_word' id='word_1_152' title='bbox 803 1445 852 1482; x_wconf 88' lang='lat' dir='ltr'><strong>ad</strong></span> <span class='ocrx_word' id='word_1_153' title='bbox 891 1457 1016 1483; x_wconf 88' lang='lat' dir='ltr'><strong>meum</strong></span> <span class='ocrx_word' id='word_1_154' title='bbox 1056 1458 1116 1484; x_wconf 91' lang='lat' dir='ltr'><strong>me</strong></span> <span class='ocrx_word' id='word_1_155' title='bbox 1156 1445 1295 1484; x_wconf 87' lang='lat' dir='ltr'><strong>fecisse</strong></span> <span class='ocrx_word' id='word_1_156' title='bbox 1335 1446 1544 1493; x_wconf 82' lang='lat' dir='ltr'><strong>arbitrium,</strong></span> <span class='ocrx_word' id='word_1_157' title='bbox 1584 1446 1652 1484; x_wconf 89' lang='lat' dir='ltr'><strong>sed</strong></span> <span class='ocrx_word' id='word_1_158' title='bbox 1691 1447 1784 1495; x_wconf 84' lang='lat' dir='ltr'><strong>ipsis</strong></span> 
     </span>
     <span class='ocr_line' id='line_1_21' title="bbox 294 1513 1782 1563; baseline 0.001 -13"><span class='ocrx_word' id='word_1_159' title='bbox 294 1513 488 1563; x_wconf 87' lang='lat' dir='ltr'><strong>Euripidis</strong></span> <span class='ocrx_word' id='word_1_160' title='bbox 527 1513 670 1551; x_wconf 89' lang='lat' dir='ltr'><strong>fabulis</strong></span> <span class='ocrx_word' id='word_1_161' title='bbox 711 1513 965 1551; x_wconf 87' lang='lat' dir='ltr'><strong>demonstrari</strong></span> <span class='ocrx_word' id='word_1_162' title='bbox 1007 1526 1138 1553; x_wconf 85' lang='lat' dir='ltr'><strong>omnes</strong></span> <span class='ocrx_word' id='word_1_163' title='bbox 1178 1515 1370 1552; x_wconf 82' lang='lat' dir='ltr'><strong>trimetros</strong></span> <span class='ocrx_word' id='word_1_164' title='bbox 1412 1516 1587 1552; x_wconf 86' lang='lat' dir='ltr'><strong>cantatos</strong></span> <span class='ocrx_word' id='word_1_165' title='bbox 1617 1515 1782 1563; x_wconf 87' lang='lat' dir='ltr'><strong>syllabis</strong></span> 
     </span>
     <span class='ocr_line' id='line_1_22' title="bbox 292 1581 1784 1631; baseline 0.001 -13"><span class='ocrx_word' id='word_1_166' title='bbox 292 1581 490 1630; x_wconf 89' lang='lat' dir='ltr'><strong>productis</strong></span> <span class='ocrx_word' id='word_1_167' title='bbox 535 1593 667 1619; x_wconf 89' lang='lat' dir='ltr'><strong>carere</strong></span> <span class='ocrx_word' id='word_1_168' title='bbox 708 1582 879 1630; x_wconf 86' lang='lat' dir='ltr'><strong>(praeter</strong></span> <span class='ocrx_word' id='word_1_169' title='bbox 918 1582 1080 1631; x_wconf 86' lang='lat' dir='ltr'><strong>primam</strong></span> <span class='ocrx_word' id='word_1_170' title='bbox 1120 1583 1234 1620; x_wconf 86' lang='lat' dir='ltr'><strong>totius</strong></span> <span class='ocrx_word' id='word_1_171' title='bbox 1266 1584 1430 1631; x_wconf 86' lang='lat' dir='ltr'><strong>versus),</strong></span> <span class='ocrx_word' id='word_1_172' title='bbox 1471 1583 1619 1620; x_wconf 88' lang='lat' dir='ltr'><strong>nullam</strong></span> <span class='ocrx_word' id='word_1_173' title='bbox 1650 1585 1784 1620; x_wconf 88' lang='lat' dir='ltr'><strong>contra</strong></span> 
     </span>
     <span class='ocr_line' id='line_1_23' title="bbox 293 1649 1783 1699; baseline 0.001 -13"><span class='ocrx_word' id='word_1_174' title='bbox 293 1649 438 1697; x_wconf 84' lang='lat' dir='ltr'><strong>dialogi</strong></span> <span class='ocrx_word' id='word_1_175' title='bbox 482 1650 666 1687; x_wconf 88' lang='lat' dir='ltr'><strong>maiorem</strong></span> <span class='ocrx_word' id='word_1_176' title='bbox 716 1652 865 1698; x_wconf 85' lang='lat' dir='ltr'><strong>partem</strong></span> <span class='ocrx_word' id='word_1_177' title='bbox 910 1653 986 1687; x_wconf 85' lang='lat' dir='ltr'><strong>tam</strong></span> <span class='ocrx_word' id='word_1_178' title='bbox 1038 1651 1208 1688; x_wconf 87' lang='lat' dir='ltr'><strong>sinceros</strong></span> <span class='ocrx_word' id='word_1_179' title='bbox 1252 1650 1439 1699; x_wconf 89' lang='lat' dir='ltr'><strong>praebere</strong></span> <span class='ocrx_word' id='word_1_180' title='bbox 1484 1661 1629 1689; x_wconf 84' lang='lat' dir='ltr'><strong>versus.</strong></span> <span class='ocrx_word' id='word_1_181' title='bbox 1701 1651 1783 1687; x_wconf 87' lang='lat' dir='ltr'><strong>Iam</strong></span> 
     </span>
     <span class='ocr_line' id='line_1_24' title="bbox 290 1717 1782 1766; baseline 0.001 -12"><span class='ocrx_word' id='word_1_182' title='bbox 290 1717 486 1754; x_wconf 87' lang='lat' dir='ltr'><strong>videamus</strong></span> <span class='ocrx_word' id='word_1_183' title='bbox 528 1718 669 1755; x_wconf 86' lang='lat' dir='ltr'><strong>multos</strong></span> <span class='ocrx_word' id='word_1_184' title='bbox 702 1729 832 1755; x_wconf 85' lang='lat' dir='ltr'><strong>versus</strong></span> <span class='ocrx_word' id='word_1_185' title='bbox 864 1718 1172 1766; x_wconf 88' lang='lat' dir='ltr'><strong>pronuntiavisse</strong></span> <span class='ocrx_word' id='word_1_186' title='bbox 1203 1717 1439 1765; x_wconf 87' lang='lat' dir='ltr'><strong>histrionem,</strong></span> <span class='ocrx_word' id='word_1_187' title='bbox 1479 1729 1574 1766; x_wconf 89' lang='lat' dir='ltr'><strong>quos</strong></span> <span class='ocrx_word' id='word_1_188' title='bbox 1606 1718 1782 1765; x_wconf 87' lang='lat' dir='ltr'><strong>editores,</strong></span> 
     </span>
     <span class='ocr_line' id='line_1_25' title="bbox 291 1784 1540 1834; baseline 0.001 -12"><span class='ocrx_word' id='word_1_189' title='bbox 291 1796 375 1822; x_wconf 90' lang='lat' dir='ltr'><strong>cum</strong></span> <span class='ocrx_word' id='word_1_190' title='bbox 407 1784 454 1822; x_wconf 91' lang='lat' dir='ltr'><strong>de</strong></span> <span class='ocrx_word' id='word_1_191' title='bbox 485 1796 531 1823; x_wconf 90' lang='lat' dir='ltr'><strong>ea</strong></span> <span class='ocrx_word' id='word_1_192' title='bbox 560 1797 602 1822; x_wconf 88' lang='lat' dir='ltr'><strong>re</strong></span> <span class='ocrx_word' id='word_1_193' title='bbox 633 1797 711 1823; x_wconf 91' lang='lat' dir='ltr'><strong>non</strong></span> <span class='ocrx_word' id='word_1_194' title='bbox 743 1786 968 1834; x_wconf 85' lang='lat' dir='ltr'><strong>cogitarent,</strong></span> <span class='ocrx_word' id='word_1_195' title='bbox 999 1786 1093 1834; x_wconf 87' lang='lat' dir='ltr'><strong>ipsis</strong></span> <span class='ocrx_word' id='word_1_196' title='bbox 1125 1786 1283 1823; x_wconf 88' lang='lat' dir='ltr'><strong>canticis</strong></span> <span class='ocrx_word' id='word_1_197' title='bbox 1313 1786 1540 1824; x_wconf 89' lang='lat' dir='ltr'><strong>tribuerunt.</strong></span> 
     </span>
    </p>
   </div>
   <div class='ocr_carea' id='block_1_3' title="bbox 994 1967 1082 2016">
    <p class='ocr_par' dir='ltr' id='par_1_6' title="bbox 994 1967 1082 2016">
     <span class='ocr_line' id='line_1_26' title="bbox 994 1967 1082 2016; baseline 0.023 -12"><span class='ocrx_word' id='word_1_198' title='bbox 994 1967 1082 2016; x_wconf 76' lang='lat'><strong>§4-</strong></span> 
     </span>
    </p>
   </div>
   <div class='ocr_carea' id='block_1_4' title="bbox 284 2055 1779 2783">
    <p class='ocr_par' dir='ltr' id='par_1_7' title="bbox 284 2055 1779 2783">
     <span class='ocr_line' id='line_1_27' title="bbox 400 2055 1779 2106; baseline 0.001 -13"><span class='ocrx_word' id='word_1_199' title='bbox 400 2055 515 2094; x_wconf 90' lang='lat' dir='ltr'><strong>Med.</strong></span> <span class='ocrx_word' id='word_1_200' title='bbox 549 2057 667 2094; x_wconf 92' lang='grc'><strong>1271.</strong></span> <span class='ocrx_word' id='word_1_201' title='bbox 725 2057 895 2095; x_wconf 84' lang='grc' dir='ltr'><strong>Ρ1·111111111</strong></span> <span class='ocrx_word' id='word_1_202' title='bbox 925 2058 1128 2105; x_wconf 89' lang='lat' dir='ltr'><strong>canticum,</strong></span> <span class='ocrx_word' id='word_1_203' title='bbox 1158 2057 1199 2095; x_wconf 90' lang='lat' dir='ltr'><strong>in</strong></span> <span class='ocrx_word' id='word_1_204' title='bbox 1229 2069 1304 2106; x_wconf 90' lang='lat' dir='ltr'><strong>quo</strong></span> <span class='ocrx_word' id='word_1_205' title='bbox 1335 2057 1436 2095; x_wconf 87' lang='lat' dir='ltr'><strong>viros</strong></span> <span class='ocrx_word' id='word_1_206' title='bbox 1467 2056 1600 2095; x_wconf 87' lang='lat' dir='ltr'><strong>doctos</strong></span> <span class='ocrx_word' id='word_1_207' title='bbox 1626 2056 1779 2095; x_wconf 90' lang='lat' dir='ltr'><strong>intelle-</strong></span> 
     </span>
     <span class='ocr_line' id='line_1_28' title="bbox 287 2123 1778 2173; baseline 0.001 -12"><span class='ocrx_word' id='word_1_208' title='bbox 287 2124 409 2172; x_wconf 88' lang='lat' dir='ltr'><strong>gimus</strong></span> <span class='ocrx_word' id='word_1_209' title='bbox 440 2124 631 2172; x_wconf 85' lang='lat' dir='ltr'><strong>ignorare,</strong></span> <span class='ocrx_word' id='word_1_210' title='bbox 663 2136 760 2173; x_wconf 87' lang='lat' dir='ltr'><strong>quae</strong></span> <span class='ocrx_word' id='word_1_211' title='bbox 787 2126 835 2162; x_wconf 92' lang='lat' dir='ltr'><strong>sit</strong></span> <span class='ocrx_word' id='word_1_212' title='bbox 856 2124 1074 2173; x_wconf 87' lang='lat' dir='ltr'><strong>difficultas,</strong></span> <span class='ocrx_word' id='word_1_213' title='bbox 1106 2125 1222 2163; x_wconf 88' lang='lat' dir='ltr'><strong>estin</strong></span> <span class='ocrx_word' id='word_1_214' title='bbox 1242 2125 1341 2163; x_wconf 90' lang='lat' dir='ltr'><strong>Med.</strong></span> <span class='ocrx_word' id='word_1_215' title='bbox 1366 2125 1485 2172; x_wconf 92' lang='grc'><strong>1271,</strong></span> <span class='ocrx_word' id='word_1_216' title='bbox 1515 2123 1620 2173; x_wconf 88' lang='lat' dir='ltr'><strong>quod</strong></span> <span class='ocrx_word' id='word_1_217' title='bbox 1640 2123 1778 2164; x_wconf 88' lang='lat' dir='ltr'><strong>chorus</strong></span> 
     </span>
     <span class='ocr_line' id='line_1_29' title="bbox 288 2191 1778 2241; baseline 0.001 -12"><span class='ocrx_word' id='word_1_218' title='bbox 288 2194 426 2239; x_wconf 86' lang='lat' dir='ltr'><strong>cantat,</strong></span> <span class='ocrx_word' id='word_1_219' title='bbox 458 2191 547 2230; x_wconf 90' lang='lat' dir='ltr'><strong>dum</strong></span> <span class='ocrx_word' id='word_1_220' title='bbox 577 2192 616 2229; x_wconf 93' lang='lat' dir='ltr'><strong>in</strong></span> <span class='ocrx_word' id='word_1_221' title='bbox 647 2192 807 2231; x_wconf 89' lang='lat' dir='ltr'><strong>aedibus</strong></span> <span class='ocrx_word' id='word_1_222' title='bbox 836 2193 975 2232; x_wconf 85' lang='lat' dir='ltr'><strong>Medea</strong></span> <span class='ocrx_word' id='word_1_223' title='bbox 1004 2193 1150 2232; x_wconf 89' lang='lat' dir='ltr'><strong>liberos</strong></span> <span class='ocrx_word' id='word_1_224' title='bbox 1182 2193 1334 2231; x_wconf 88' lang='lat' dir='ltr'><strong>occidit.</strong></span> <span class='ocrx_word' id='word_1_225' title='bbox 1393 2193 1505 2230; x_wconf 85' lang='lat' dir='ltr'><strong>Prius</strong></span> <span class='ocrx_word' id='word_1_226' title='bbox 1536 2191 1778 2241; x_wconf 87' lang='lat' dir='ltr'><strong>stropharum</strong></span> 
     </span>
     <span class='ocr_line' id='line_1_30' title="bbox 287 2259 1777 2309; baseline 0.001 -13"><span class='ocrx_word' id='word_1_227' title='bbox 287 2271 358 2308; x_wconf 87' lang='lat' dir='ltr'><strong>par</strong></span> <span class='ocrx_word' id='word_1_228' title='bbox 387 2259 478 2297; x_wconf 91' lang='lat' dir='ltr'><strong>inde</strong></span> <span class='ocrx_word' id='word_1_229' title='bbox 509 2272 531 2297; x_wconf 94' lang='lat' dir='ltr'><strong>a</strong></span> <span class='ocrx_word' id='word_1_230' title='bbox 561 2273 596 2299; x_wconf 89' lang='lat' dir='ltr'><strong>v.</strong></span> <span class='ocrx_word' id='word_1_231' title='bbox 621 2260 727 2297; x_wconf 92' lang='grc'><strong>1257</strong></span> <span class='ocrx_word' id='word_1_232' title='bbox 761 2273 781 2299; x_wconf 90' lang='grc'><strong>6</strong></span> <span class='ocrx_word' id='word_1_233' title='bbox 811 2261 925 2299; x_wconf 86' lang='lat' dir='ltr'><strong>meris</strong></span> <span class='ocrx_word' id='word_1_234' title='bbox 957 2263 1107 2298; x_wconf 87' lang='lat' dir='ltr'><strong>constat</strong></span> <span class='ocrx_word' id='word_1_235' title='bbox 1138 2260 1332 2309; x_wconf 87' lang='lat' dir='ltr'><strong>dochmiis,</strong></span> <span class='ocrx_word' id='word_1_236' title='bbox 1370 2262 1534 2298; x_wconf 91' lang='lat' dir='ltr'><strong>alterum</strong></span> <span class='ocrx_word' id='word_1_237' title='bbox 1566 2272 1613 2299; x_wconf 85' lang='lat' dir='ltr'><strong>ex</strong></span> <span class='ocrx_word' id='word_1_238' title='bbox 1641 2259 1777 2298; x_wconf 91' lang='lat' dir='ltr'><strong>iisdem</strong></span> 
     </span>
     <span class='ocr_line' id='line_1_31' title="bbox 286 2326 1777 2376; baseline 0.001 -13"><span class='ocrx_word' id='word_1_239' title='bbox 286 2326 460 2365; x_wconf 86' lang='lat' dir='ltr'><strong>versibus</strong></span> <span class='ocrx_word' id='word_1_240' title='bbox 480 2327 703 2376; x_wconf 86' lang='lat' dir='ltr'><strong>interruptis</strong></span> <span class='ocrx_word' id='word_1_241' title='bbox 723 2328 931 2366; x_wconf 90' lang='lat' dir='ltr'><strong>liberorum</strong></span> <span class='ocrx_word' id='word_1_242' title='bbox 960 2329 1085 2366; x_wconf 80' lang='lat' dir='ltr'><strong>anxiis</strong></span> <span class='ocrx_word' id='word_1_243' title='bbox 1107 2329 1275 2376; x_wconf 87' lang='lat' dir='ltr'><strong>senariis,</strong></span> <span class='ocrx_word' id='word_1_244' title='bbox 1307 2328 1372 2376; x_wconf 92' lang='lat' dir='ltr'><strong>qui</strong></span> <span class='ocrx_word' id='word_1_245' title='bbox 1392 2328 1442 2365; x_wconf 87' lang='lat' dir='ltr'><strong>ad</strong></span> <span class='ocrx_word' id='word_1_246' title='bbox 1462 2327 1777 2376; x_wconf 87' lang='lat' dir='ltr'><strong>antistrophicam</strong></span> 
     </span>
     <span class='ocr_line' id='line_1_32' title="bbox 286 2393 1775 2445; baseline 0.001 -15"><span class='ocrx_word' id='word_1_247' title='bbox 286 2393 514 2442; x_wconf 88' lang='lat' dir='ltr'><strong>rediguntur</strong></span> <span class='ocrx_word' id='word_1_248' title='bbox 543 2395 743 2443; x_wconf 88' lang='lat' dir='ltr'><strong>rationem,</strong></span> <span class='ocrx_word' id='word_1_249' title='bbox 775 2408 861 2434; x_wconf 89' lang='lat' dir='ltr'><strong>cum</strong></span> <span class='ocrx_word' id='word_1_250' title='bbox 892 2396 1031 2434; x_wconf 90' lang='lat' dir='ltr'><strong>chorus</strong></span> <span class='ocrx_word' id='word_1_251' title='bbox 1063 2397 1145 2445; x_wconf 89' lang='lat' dir='ltr'><strong>ipse</strong></span> <span class='ocrx_word' id='word_1_252' title='bbox 1177 2408 1242 2434; x_wconf 90' lang='lat' dir='ltr'><strong>eos</strong></span> <span class='ocrx_word' id='word_1_253' title='bbox 1272 2396 1312 2433; x_wconf 87' lang='lat' dir='ltr'><strong>in</strong></span> <span class='ocrx_word' id='word_1_254' title='bbox 1338 2394 1577 2444; x_wconf 88' lang='lat' dir='ltr'><strong>antistropho</strong></span> <span class='ocrx_word' id='word_1_255' title='bbox 1599 2395 1775 2444; x_wconf 86' lang='lat' dir='ltr'><strong>excipiat.</strong></span> 
     </span>
     <span class='ocr_line' id='line_1_33' title="bbox 285 2462 1777 2512; baseline 0.001 -15"><span class='ocrx_word' id='word_1_256' title='bbox 285 2462 493 2499; x_wconf 86' lang='lat' dir='ltr'><strong>Praeterea</strong></span> <span class='ocrx_word' id='word_1_257' title='bbox 533 2462 627 2501; x_wconf 90' lang='lat' dir='ltr'><strong>duos</strong></span> <span class='ocrx_word' id='word_1_258' title='bbox 667 2464 859 2501; x_wconf 87' lang='lat' dir='ltr'><strong>trimetros</strong></span> <span class='ocrx_word' id='word_1_259' title='bbox 903 2463 1040 2502; x_wconf 89' lang='lat' dir='ltr'><strong>chorus</strong></span> <span class='ocrx_word' id='word_1_260' title='bbox 1079 2465 1118 2501; x_wconf 92' lang='grc'><strong>111</strong></span> <span class='ocrx_word' id='word_1_261' title='bbox 1159 2463 1400 2512; x_wconf 84' lang='lat' dir='ltr'><strong>antistropho</strong></span> <span class='ocrx_word' id='word_1_262' title='bbox 1435 2462 1563 2511; x_wconf 86' lang='lat' dir='ltr'><strong>habet,</strong></span> <span class='ocrx_word' id='word_1_263' title='bbox 1606 2473 1702 2511; x_wconf 90' lang='lat' dir='ltr'><strong>quos</strong></span> <span class='ocrx_word' id='word_1_264' title='bbox 1737 2463 1777 2499; x_wconf 93' lang='lat' dir='ltr'><strong>in</strong></span> 
     </span>
     <span class='ocr_line' id='line_1_34' title="bbox 285 2528 1775 2579; baseline 0.001 -14"><span class='ocrx_word' id='word_1_265' title='bbox 285 2528 445 2577; x_wconf 87' lang='lat' dir='ltr'><strong>stropha</strong></span> <span class='ocrx_word' id='word_1_266' title='bbox 475 2530 663 2568; x_wconf 81' lang='lat' dir='ltr'><strong>excidisse</strong></span> <span class='ocrx_word' id='word_1_267' title='bbox 686 2529 898 2569; x_wconf 84' lang='lat' dir='ltr'><strong>Schoenius</strong></span> <span class='ocrx_word' id='word_1_268' title='bbox 927 2532 1119 2579; x_wconf 88' lang='lat' dir='ltr'><strong>cognovit.</strong></span> <span class='ocrx_word' id='word_1_269' title='bbox 1179 2531 1252 2576; x_wconf 84' lang='lat' dir='ltr'><strong>Qui</strong></span> <span class='ocrx_word' id='word_1_270' title='bbox 1274 2531 1386 2569; x_wconf 85' lang='lat' dir='ltr'><strong>etiam</strong></span> <span class='ocrx_word' id='word_1_271' title='bbox 1407 2531 1448 2568; x_wconf 91' lang='lat' dir='ltr'><strong>in</strong></span> <span class='ocrx_word' id='word_1_272' title='bbox 1469 2529 1627 2579; x_wconf 88' lang='lat' dir='ltr'><strong>stropha</strong></span> <span class='ocrx_word' id='word_1_273' title='bbox 1658 2528 1775 2567; x_wconf 90' lang='lat' dir='ltr'><strong>choro</strong></span> 
     </span>
     <span class='ocr_line' id='line_1_35' title="bbox 289 2592 1775 2649; baseline 0.003 -17"><span class='ocrx_word' id='word_1_274' title='bbox 289 2596 483 2634; x_wconf 90' lang='lat' dir='ltr'><strong>tribuendi</strong></span> <span class='ocrx_word' id='word_1_275' title='bbox 521 2597 721 2647; x_wconf 89' lang='lat' dir='ltr'><strong>videntur,</strong></span> <span class='ocrx_word' id='word_1_276' title='bbox 767 2610 850 2636; x_wconf 91' lang='lat' dir='ltr'><strong>cum</strong></span> <span class='ocrx_word' id='word_1_277' title='bbox 895 2599 935 2635; x_wconf 93' lang='lat' dir='ltr'><strong>in</strong></span> <span class='ocrx_word' id='word_1_278' title='bbox 976 2611 1010 2636; x_wconf 92' lang='lat' dir='ltr'><strong>v.</strong></span> <span class='ocrx_word' id='word_1_279' title='bbox 1049 2599 1152 2636; x_wconf 88' lang='grc'><strong>1275</strong></span> <span class='ocrx_word' id='word_1_280' title='bbox 1197 2599 1318 2637; x_wconf 86' lang='lat' dir='ltr'><strong>verba</strong></span> <span class='ocrx_word' id='word_1_281' title='bbox 1360 2595 1580 2649; x_wconf 80' lang='grc' dir='ltr'><em>παρέλθω</em></span> <span class='ocrx_word' id='word_1_282' title='bbox 1612 2592 1775 2648; x_wconf 81' lang='grc' dir='ltr'><em>δόμους</em></span> 
     </span>
     <span class='ocr_line' id='line_1_36' title="bbox 285 2656 1773 2714; baseline 0.003 -15"><span class='ocrx_word' id='word_1_283' title='bbox 285 2663 372 2701; x_wconf 90' lang='lat' dir='ltr'><strong>aliis</strong></span> <span class='ocrx_word' id='word_1_284' title='bbox 417 2666 572 2712; x_wconf 84' lang='lat' dir='ltr'><strong>egeant,</strong></span> <span class='ocrx_word' id='word_1_285' title='bbox 622 2665 848 2713; x_wconf 85' lang='lat' dir='ltr'><strong>quibuscum</strong></span> <span class='ocrx_word' id='word_1_286' title='bbox 895 2666 1185 2714; x_wconf 89' lang='lat' dir='ltr'><strong>coniungantur.</strong></span> <span class='ocrx_word' id='word_1_287' title='bbox 1263 2667 1364 2704; x_wconf 90' lang='lat' dir='ltr'><strong>Num</strong></span> <span class='ocrx_word' id='word_1_288' title='bbox 1408 2665 1575 2703; x_wconf 87' lang='lat' dir='ltr'><strong>Hensius</strong></span> <span class='ocrx_word' id='word_1_289' title='bbox 1618 2664 1691 2701; x_wconf 89' lang='lat' dir='ltr'><strong>illa</strong></span> <span class='ocrx_word' id='word_1_290' title='bbox 1737 2656 1773 2703; x_wconf 77' lang='grc' dir='ltr'><em>ὦ</em></span> 
     </span>
     <span class='ocr_line' id='line_1_37' title="bbox 284 2726 1773 2783; baseline -0.001 -14"><span class='ocrx_word' id='word_1_291' title='bbox 284 2726 610 2783; x_wconf 76' lang='grc' dir='ltr'><strong>θερμόβουλον,</strong></span> <span class='ocrx_word' id='word_1_292' title='bbox 643 2743 741 2780; x_wconf 87' lang='lat' dir='ltr'><strong>quae</strong></span> <span class='ocrx_word' id='word_1_293' title='bbox 773 2731 984 2771; x_wconf 86' lang='lat' dir='ltr'><strong>scholiasta</strong></span> <span class='ocrx_word' id='word_1_294' title='bbox 1004 2732 1053 2770; x_wconf 86' lang='lat' dir='ltr'><strong>ad</strong></span> <span class='ocrx_word' id='word_1_295' title='bbox 1074 2734 1194 2771; x_wconf 85' lang='lat' dir='ltr'><strong>Arist.</strong></span> <span class='ocrx_word' id='word_1_296' title='bbox 1216 2732 1316 2772; x_wconf 76' lang='lat' dir='ltr'><strong>Ach.v</strong></span> <span class='ocrx_word' id='word_1_297' title='bbox 1342 2733 1417 2770; x_wconf 82' lang='lat'><strong>119</strong></span> <span class='ocrx_word' id='word_1_298' title='bbox 1445 2732 1546 2770; x_wconf 87' lang='lat' dir='ltr'><strong>utin</strong></span> <span class='ocrx_word' id='word_1_299' title='bbox 1561 2732 1651 2769; x_wconf 88' lang='lat' dir='ltr'><strong>Eur.</strong></span> <span class='ocrx_word' id='word_1_300' title='bbox 1672 2729 1773 2769; x_wconf 85' lang='lat' dir='ltr'><strong>Med.</strong></span> 
     </span>
    </p>
   </div>
  </div>
 </body>
</html>
