1961 3179
919 875 987 913 III.

624 962 694 1005 De
725 963 942 1006 versibus
974 963 1283 1008 (lochmiacis.

204 1080 249 1116 In
283 1079 395 1119 Herc.
417 1091 452 1116 V.
478 1078 587 1116 1054
601 1090 683 1127 sqq.
714 1077 754 1115 hi
784 1078 1029 1127 reperiuntur
1058 1090 1212 1117 versus:

342 1179 504 1229 Amph.
548 1172 634 1219 οὐκ
667 1171 879 1231 ἄτρεμαῖα
910 1178 1086 1234 θρῆνον
1118 1177 1329 1230 αἰάξετ’1),
1361 1169 1397 1219 ὦ
1430 1179 1655 1233 γέροντες;

547 1240 635 1301 [yffi
667 1245 782 1300 δέσμ’
803 1240 1134 1300 ἀνεγειρόμενος
1162 1243 1353 1300 χαλάσας
1375 1247 1533 1288 ἀπολεῖ
1552 1245 1702 1299 πόλιν,

548 1309 636 1355 ἀπὸ
669 1313 715 1354 δὲ
744 1313 929 1368 πατέρα,
960 1310 1162 1368 μέλαθρά
1192 1330 1238 1356 τε
1271 1312 1506 1369 καταράξει
1519 1318 1563 1366 2).

339 1383 474 1422 Chor.
543 1375 727 1423 ἀδύνατ’
757 1376 956 1422 ἀδύνατά
986 1396 1072 1435 μοι.

337 1451 498 1501 Amph.
544 1457 642 1504 σῖγα
673 1445 816 1498 πνοὰς
847 1447 982 1503 μάθω
1015 1449 1119 1504 φέρε
1150 1446 1262 1503 ,πρὸς
1294 1440 1374 1499 οὖς
1404 1448 1540 1502 βάλω.

319 1565 394 1612 Qui
434 1568 521 1604 sunt
556 1566 596 1603 in
627 1577 672 1603 eo
705 1567 831 1612 cantu,
872 1576 984 1613 quem
1016 1566 1176 1603 alternis
1208 1566 1341 1604 dicunt
1371 1566 1634 1616 Amphitryon
1665 1571 1702 1607 et

205 1633 355 1682 chorus,
397 1646 483 1673 cum
524 1634 748 1682 eccyolema
789 1634 836 1672 sit
878 1634 1086 1680 evolutum,
1125 1634 1165 1670 in
1204 1646 1280 1682 quo
1311 1634 1503 1673 Hercules
1542 1636 1702 1674 recubat

204 1714 337 1741 somno
369 1702 533 1740 domitus
565 1704 602 1739 et
633 1701 763 1739 uxoris
785 1700 1030 1749 filiorumque
1053 1713 1216 1751 corpora
1243 1702 1291 1740 ab
1313 1703 1385 1740 illo
1408 1703 1546 1741 occisa.
1604 1704 1703 1742 Inci-

200 1771 322 1820 piunt,
361 1772 523 1809 metrum
564 1770 596 1807 si
631 1770 870 1818 respicimus,
911 1781 1046 1807 versus
1077 1769 1167 1808 inde
1199 1782 1222 1807 a
1251 1783 1286 1808 v.
1312 1770 1418 1807 1042
1450 1784 1473 1808 a
1504 1771 1703 1820 dochmiis,

202 1839 266 1887 qui
321 1837 481 1875 formam
536 1837 729 1887 praebent
785 1838 895 1875 nullo
951 1837 1064 1874 modo
1112 1837 1305 1876 diversam
1346 1839 1394 1876 ab
1436 1839 1702 1877 usitatissimis.

200 1907 294 1953 Iam,
324 1909 366 1944 ut
397 1907 524 1944 solent
554 1907 694 1954 poetae
726 1905 873 1953 tragici,
905 1905 1005 1942 alius
1036 1906 1188 1953 generis
1220 1917 1353 1943 versus
1384 1905 1571 1944 dochmiis
1599 1919 1699 1944 com-

202 1975 422 2013 miscentur.
480 1975 606 2012 Metra
636 1975 723 2010 sunt
752 1973 918 2011 iambica
947 1973 1184 2022 interpositis
1215 1974 1428 2021 versiculis,
1461 1986 1557 2022 quos
1578 1975 1700 2013 Reizi-

201 2054 296 2080 anos
318 2042 587 2080 consuevimus
610 2052 774 2087 vocare;
806 2043 884 2078 tum
908 2040 1086 2087 dochmii,
1107 2041 1236 2089 iambi,
1257 2043 1459 2090 anapaesti
1480 2044 1701 2091 sequuntur,

202 2121 298 2159 quos
340 2122 425 2149 cum
467 2109 515 2148 de
557 2110 612 2147 eis
653 2108 754 2146 infra
797 2109 846 2146 sit
886 2108 1101 2155 dicendum,
1147 2108 1209 2146 hic
1250 2110 1489 2156 omittamus3
1535 2110 1700 2159 denique

201 2190 316 2216 versu
350 2179 467 2226 1057,
511 2189 624 2226 quem
666 2189 782 2225 supra
813 2177 1011 2225 exscripsi,
1053 2176 1102 2214 ad
1132 2177 1235 2225 ipsos
1267 2177 1465 2215 dochmios
1495 2179 1701 2216 revortitur

201 2249 329 2295 poeta.
388 2245 462 2291 Qui
498 2257 633 2283 versus
664 2257 743 2282 non
773 2246 907 2282 nullas
938 2245 1099 2293 praebet
1130 2243 1389 2284 difficultates,
1448 2247 1500 2284 Ut
1529 2247 1701 2295 priorum

200 2317 414 2363 temporum
451 2314 523 2351 viri
554 2313 658 2351 docti
688 2313 801 2351 etiam
833 2313 1163 2359 Wilamowitzius,
1206 2324 1290 2350 cum
1323 2315 1492 2362 explicet
1522 2325 1700 2352 versuum

200 2385 323 2420 metra
353 2383 436 2430 (112,
467 2394 502 2430 p.
528 2382 622 2429 191)
656 2393 742 2419 eum
774 2380 867 2418 dicit
889 2380 1106 2419 dochmium
1129 2392 1214 2418 esse
1236 2393 1320 2419 cum
1344 2382 1701 2431 proceleusmatica,

202 2451 224 2488 i.
247 2462 278 2490 e.
310 2450 459 2499 duplici
490 2450 679 2496 anacrusi,
711 2452 748 2487 et
779 2460 824 2486 eo
857 2448 1061 2486 adducitur
1092 2450 1292 2498 exemplis,
1324 2461 1423 2498 quae
1454 2451 1564 2488 affert
1585 2451 1701 2489 Herc.

202 2519 296 2556 878.
327 2517 470 2556 Bacch.
502 2519 594 2556 989.
628 2518 731 2564 998,
774 2516 821 2554 de
863 2516 1000 2564 quibus
1042 2516 1144 2555 infra
1181 2517 1471 2567 disputabimus.
1531 2518 1700 2555 Primum

201 2586 332 2633 velim,
365 2598 464 2634 quae
495 2586 543 2623 sit
573 2586 658 2634 ipsa
687 2596 759 2632 res,
790 2585 1078 2634 perspiciamus.

317 2742 343 2786 1)
370 2741 429 2776 Sic
451 2744 550 2776 recte
575 2741 766 2776 Hermann.
817 2741 948 2776 Codd.:
977 2736 1135 2787 ἅτρεμέα
1162 2769 1195 2777 ..
1222 2737 1358 2785 αἰάζετ’

315 2798 345 2843 2)
370 2797 485 2834 Codd.
510 2793 714 2845 καταράξη,
742 2807 806 2833 em.
825 2797 967 2845 Pflugk.
