1961 3179
297 140 378 178 446
1675 135 1790 189 [142]

299 253 405 298 Quae
436 264 497 290 res
529 252 699 290 nondum
730 252 770 289 ni
799 252 917 290 fallor
939 253 1141 290 observata
1164 254 1232 292 est.
1289 253 1479 289 Totumne
1502 263 1658 289 carmen
1679 262 1792 298 cory-

297 321 414 370 phaei
445 321 534 358 est?
595 320 651 361 Cf.
682 319 913 369 antistrophi
943 320 1115 357 initium:
1148 318 1285 370 φίλαι.

414 480 482 518 El.
509 479 627 516 1165.
687 480 767 516 Iam
809 482 1049 516 transeamus
1081 478 1129 515 ad
1159 478 1200 515 id
1228 479 1409 516 Electrae
1441 478 1645 525 canticum,
1685 477 1792 515 cuius

300 548 463 585 alteram
494 550 643 596 partem
675 558 790 595 supra
820 546 1082 593 tractavimus,
1119 557 1202 584 cum
1234 546 1396 583 multum
1427 545 1587 593 differat,
1618 545 1793 592 quamvis

298 615 476 653 videatur
516 615 663 661 similis,
705 615 752 652 ab
793 615 928 654 attera.
991 614 1087 651 Inde
1128 627 1151 651 a
1191 613 1494 661 Clytaemestrae
1534 613 1792 651 exlamatione

298 686 419 721 metra
463 683 536 721 hoc
581 683 695 721 modo
739 682 948 720 deeurunt:
995 683 1018 718 2
1049 682 1175 729 iamb.,
1215 682 1316 729 Clyt,
1355 681 1492 730 interi.,
1531 681 1627 721 trim.
1667 680 1793 727 iamb.,

300 752 323 789 5
357 751 517 799 dochm.‚
548 751 709 789 trimetri
740 750 962 800 coryphaei,
994 750 1060 798 qui
1087 750 1230 788 amicos
1250 751 1290 787 in
1311 761 1490 788 scaenam
1511 749 1666 798 prodire
1695 761 1793 786 nun-

298 820 379 860 tiat.
438 820 625 857 Dubitare
664 830 877 868 possumus,
920 819 1004 866 quis
1046 830 1111 856 eos
1151 829 1284 856 versus
1327 818 1518 864 cecinerit,
1561 828 1646 854 cum
1686 815 1794 854 chori

298 888 496 925 stasimum
538 887 755 926 antecedat.
824 887 973 924 Tamen
1014 886 1133 924 verba
1174 881 1322 933 κλύεις
1364 876 1615 937 ὑπώροφον
1653 878 1766 935 βοάν
1778 898 1793 932 ,-

299 955 520 1005 coryphaeo
552 956 716 993 tribuam
747 957 788 992 ut
817 955 1049 992 trimetrum:

751 1063 1352 1097 ——V—¹‘“—V—'-—V—=

297 1159 441 1208 quippe
489 1159 554 1207 qui
599 1161 655 1196 tot
705 1159 871 1205 syllabis
920 1157 1118 1207 productis
1164 1168 1315 1195 omnem
1356 1155 1634 1194 dubitationem
1665 1156 1792 1195 tollat.

300 1229 442 1274 Verba,
475 1239 574 1276 quae
606 1229 828 1276 sequuntur,
861 1229 962 1264 totus
994 1226 1132 1264 chorus
1164 1225 1315 1263 videtur
1346 1227 1533 1265 cantasse.

413 1306 565 1352 Deinde
597 1307 787 1344 canticum
820 1306 1011 1343 alternum
1040 1305 1185 1354 incipit.
1245 1304 1408 1342 Carmen
1429 1303 1634 1342 iambicum
1665 1303 1790 1352 gravi-

299 1375 369 1412 bus
401 1375 555 1411 laborat
577 1374 818 1422 corruptelis,
849 1374 915 1410 vix
935 1384 1033 1410 unus
1054 1383 1188 1410 versus
1216 1372 1344 1409 versui
1371 1371 1591 1420 respondet.
1649 1371 1789 1408 Emen—

299 1442 402 1480 datio
447 1441 552 1479 hand
593 1441 718 1479 facilis
760 1444 828 1490 est,
874 1453 959 1479 cum
1003 1441 1042 1477 in
1085 1452 1198 1478 sensu
1233 1440 1402 1488 (praeter
1432 1439 1588 1477 v.1192
1603 1439 1675 1487 sq.)
1715 1449 1793 1476 non

300 1510 549 1548 offendamus.

412 1591 451 1627 A
481 1601 597 1627 versu
638 1590 741 1626 1181
778 1591 863 1627 octo
895 1592 1016 1627 metra
1046 1590 1256 1636 sequuntur
1286 1587 1461 1636 iambica,
1492 1599 1652 1635 quorum
1683 1587 1792 1635 quin-

300 1670 375 1706 que
406 1658 445 1694 in
478 1657 637 1706 stropha
669 1657 905 1705 exciderunt,
936 1658 976 1694 in
1005 1655 1242 1705 antistrophe
1265 1656 1359 1692 miro
1383 1655 1548 1704 quodam
1579 1666 1670 1693 casu
1700 1666 1794 1692 sana

300 1728 533 1764 manserunt.
603 1725 762 1762 Electra
806 1724 923 1762 habet
969 1724 1183 1770 senarium,
1230 1723 1277 1760 de
1320 1734 1395 1772 quo
1435 1722 1536 1760 infra
1576 1721 1792 1771 dicendum,

299 1793 439 1830 deinde
480 1794 563 1840 tria,
604 1793 770 1840 denique
815 1792 890 1830 duo
921 1794 1044 1829 metra
1074 1792 1248 1829 iambica.
1307 1790 1456 1829 Orestis
1486 1791 1629 1839 primus
1658 1801 1794 1827 versus

299 1863 501 1909 corruptus
541 1864 607 1908 est,
650 1862 729 1898 tum
762 1864 908 1909 septem
940 1861 1123 1907 leguntur
1153 1861 1285 1896 metra.
1344 1859 1486 1896 Versus
1515 1859 1659 1907 primus
1689 1857 1793 1895 haud

297 1928 414 1966 facile
453 1929 681 1975 restituitur,
723 1939 807 1966 eum
852 1928 891 1965 in
933 1939 1046 1966 sensu
1089 1938 1166 1964 non
1206 1926 1442 1964 haereamus.
1511 1924 1679 1974 Sti-opha
1718 1925 1792 1963 hoe

298 1996 460 2045 praebet
489 1998 671 2034 metrum:

768 2103 1322 2126 ————————————

301 2176 562 2226 antistrophus
592 2176 707 2215 hocz‘

655 2283 1391 2320 u-u—lv—v—tv—u—lv——

299 2380 428 2418 Verba
469 2375 581 2432 πρὸς
624 2372 766 2431 αὔραν
807 2380 954 2418 delevit
995 2378 1234 2425 Dindorfius,
1277 2377 1416 2415 iniuria
1457 2376 1622 2426 quidem.
1690 2377 1791 2414 Nam

300 2447 479 2485 mendum
509 2449 548 2484 in
579 2447 738 2496 stropha
768 2459 853 2485 esse
884 2447 1039 2495 syllaba
1068 2447 1197 2494 longa,
1230 2457 1328 2493 quae
1352 2446 1408 2482 est
1437 2445 1476 2481 in
1502 2445 1636 2481 ultimo
1658 2445 1791 2492 metro,

301 2518 474 2563 apparet.
543 2515 618 2561 Qui
658 2526 792 2553 versus
833 2517 937 2552 certa
976 2515 1125 2551 ratione
1165 2514 1295 2550 sanari
1335 2524 1413 2550 non
1453 2514 1593 2560 potest,
1639 2510 1790 2549 confido

300 2585 429 2620 tamen
458 2594 635 2620 numeros
667 2583 821 2620 eosdem
851 2583 979 2629 fuisse,
1021 2593 1114 2630 quos
1146 2580 1388 2629 antistrophi,
1426 2582 1466 2616 ut
1497 2579 1660 2616 Weilius
1689 2578 1790 2616 hanc

301 2646 467 2701 (duram)
498 2651 698 2698 proposuit
728 2651 956 2688 lectionem:

503 2756 557 2800 ἰώ
584 2756 729 2813 τύχας,
761 2761 862 2809 τεᾶς
891 2756 1036 2812 τύχας,
1066 2759 1260 2800 τεκοῦσα
1290 2759 1405 2814 κᾷτα
1433 2753 1587 2811 μάτηρ.
