1961 3179
194 179 309 231 [147]
1609 180 1688 218 451

193 292 310 330 tribui
341 292 405 329 vix
432 303 555 340 posse.
614 293 713 329 Nam
736 292 765 330 si
790 293 823 330 ei
844 291 917 330 hoc
939 304 1092 330 carmen
1113 293 1324 341 tribuimus,
1354 304 1466 330 nemo
1489 293 1693 342 intellegit,

195 359 289 409 quid
319 360 391 398 sibi
421 360 544 397 velint
575 359 786 409 coryphaei
817 360 954 398 verba:

406 451 424 487 1
432 451 523 490 311.
799 448 948 503 σιγᾶτε
981 444 1133 503 σιγᾶτ’,

196 554 296 591 quae
316 554 393 580 non
416 541 464 579 ad
486 542 681 579 Electram
703 543 896 590 pertinere
914 545 1084 590 possunt,
1107 542 1175 580 sed
1198 542 1246 580 ad
1268 542 1426 580 chorum
1449 544 1692 582 clamantem.

196 609 320 656 Quam
350 622 430 648 rem
462 610 660 658 explicare
690 611 816 647 voluit
836 611 880 657 is,
912 611 977 658 qui
998 610 1086 648 huic
1108 611 1234 648 versui
1257 611 1295 648 in
1318 611 1401 649 cod.
1426 612 1456 648 κ]
1479 611 1692 660 archetypo

196 678 375 727 ascripsit
413 678 534 715 verba
575 669 681 725 ὅλος
712 676 736 716 ὁ
765 672 909 730 χορός,
942 690 1041 727 quae
1072 691 1094 716 a
1125 679 1283 716 librario
1313 682 1354 716 ut
1384 691 1573 728 personae
1603 682 1696 717 nota

195 745 370 795 praefixa
401 748 501 784 sunt.

312 870 380 909 Or.
415 870 533 907 1353.
592 870 766 908 Eandem
799 871 1055 920 componendi
1084 872 1272 909 rationem
1303 873 1420 921 paulo
1451 874 1538 921 post
1557 872 1695 910 iterum

195 939 411 977 invenimus
450 939 489 976 in
533 950 579 976 eo
611 939 773 986 cantico,
814 938 918 988 quod
949 939 1115 988 Phrygis
1151 941 1308 988 longam
1338 940 1557 977 monodiam
1589 943 1696 978 ante-

196 1006 307 1045 cedit.
388 1007 459 1045 Cui
507 1006 743 1055 respondent
792 1009 929 1055 postea
977 1019 1040 1044 vv.
1075 1008 1276 1055 l537sqq.
1350 1008 1476 1045 Etiam
1526 1007 1589 1045 hic
1635 1008 1697 1045 cui

195 1086 386 1124 personae
427 1075 502 1112 sint
533 1073 715 1123 strophae
746 1087 891 1121 vorsus,
927 1075 967 1112 in
999 1076 1210 1112 contrarias
1241 1075 1445 1113 discedunt
1475 1076 1697 1113 sententias.

196 1143 297 1180 Nam
328 1143 508 1180 Electrae
551 1146 682 1180 notam
723 1155 745 1180 a
784 1143 952 1180 librariis
982 1142 1194 1191 praefixam
1226 1143 1425 1181 Seidlerus
1456 1144 1619 1181 mutavit
1649 1155 1696 1181 ex

197 1211 428 1261 antistrophi
467 1211 720 1260 responsione
760 1211 799 1248 in
840 1210 958 1258 chori,
1000 1212 1066 1249 vix
1097 1223 1164 1249 suo
1197 1213 1290 1259 iure,
1333 1224 1417 1249 cum
1448 1211 1697 1250 difficultates

199 1280 352 1317 obstent
372 1279 653 1317 intolerabiles.
710 1280 878 1316 Primum
901 1280 1095 1317 Electram
1116 1280 1326 1318 verisimile
1348 1283 1406 1318 est
1426 1280 1562 1318 eodem
1583 1280 1696 1317 modo

197 1347 247 1385 ad
279 1348 487 1385 clamorem
520 1347 690 1384 excitare
721 1347 890 1395 chorum,
932 1359 1007 1395 quo
1040 1359 1155 1396 supra
1187 1360 1271 1386 eum
1308 1351 1437 1386 tacere
1468 1348 1587 1396 iussit,
1618 1351 1697 1385 tum

198 1417 287 1453 ante
319 1428 352 1455 v.
379 1416 483 1452 1361
530 1415 666 1452 incisio
697 1427 839 1463 magna
870 1418 938 1463 est,
978 1427 1078 1463 quae
1119 1415 1311 1453 declarari
1350 1416 1416 1453 vix
1446 1418 1585 1465 potest,
1625 1416 1699 1453 nisi

198 1496 301 1521 nova
330 1495 498 1532 persona
528 1483 550 1520 i.
574 1495 605 1520 e.
638 1482 777 1521 chorus
809 1495 949 1521 canere
976 1484 1123 1532 incipit.
1185 1484 1410 1530 Caveamus,
1440 1496 1489 1521 ne
1511 1484 1699 1521 eiusmodi

197 1551 517 1601 responsionibus
557 1552 714 1588 nimiam
754 1550 965 1589 habeamus
1004 1551 1138 1589 fidem!
1198 1552 1323 1600 Saepe
1363 1551 1548 1591 fallimur.
1614 1552 1699 1589 Hoc

201 1621 290 1658 loco
330 1622 534 1668 praeterea
573 1619 755 1657 trimetris
786 1620 975 1668 singulari
1004 1619 1118 1657 modo
1149 1621 1285 1669 positis
1317 1619 1604 1658 demonstratur
1633 1620 1701 1656 uni

198 1699 399 1737 personae,
430 1688 621 1735 Electrae,
655 1688 795 1725 cantici
824 1689 992 1737 priorem
1023 1690 1172 1737 partem
1204 1688 1447 1726 tribuendam
1477 1700 1573 1728 esse,
1631 1689 1700 1725 Est

202 1754 422 1805 exemplum
454 1756 693 1793 senariorum
724 1767 802 1793 non
834 1758 1083 1803 cantatorum,
1116 1757 1180 1804 qui
1210 1756 1462 1794 audacissime
1491 1758 1532 1794 ut
1552 1757 1591 1793 in
1611 1757 1699 1793 loco

199 1825 367 1862 excitato
413 1823 588 1861 versibus
632 1823 768 1871 lyricis
812 1824 1025 1861 intermixti
1056 1827 1154 1862 sunt.
1218 1824 1282 1861 Ab
1314 1824 1553 1873 antistropho
1583 1824 1700 1861 velim

199 1893 319 1930 multo
350 1891 579 1929 dilucidiore
615 1891 855 1940 incipiamus,
897 1903 995 1940 quae
1026 1894 1130 1929 certe
1162 1891 1271 1929 chori
1301 1892 1348 1929 sit
1378 1891 1442 1942 (cf.
1463 1890 1505 1930 τί
1527 1889 1701 1943 δρῶμεν

199 1959 315 2009 κτλ.)
375 1959 553 2008 Qiunque
586 1959 753 1997 dochmii
784 1960 943 1997 excitati
974 1960 1021 1997 ab
1053 1960 1161 1997 initio
1194 1959 1413 2007 decurrunt,
1445 1959 1585 1997 deinde
1615 1970 1700 1996 cum

200 2028 339 2066 chorus
357 2030 567 2076 cunctetur,
590 2028 773 2076 quidnam
790 2027 919 2076 faciat,
943 2028 1017 2066 duo
1039 2028 1200 2065 trimetri
1222 2028 1339 2066 soluti
1359 2028 1575 2077 interpositi
1592 2029 1698 2065 sunt:

659 2115 1240 2150 v—v—I-——Q--lv—v-

661 2183 1241 2217 --υ-Ιυ-υ-Ιυ-ν-

202 2254 307 2301 Quos
338 2257 513 2293 cantatos
543 2267 622 2293 non
654 2267 737 2293 esse
755 2267 803 2292 ex
822 2254 947 2293 forma
967 2255 1042 2293 nisi
1065 2267 1112 2292 ex
1133 2266 1174 2292 re
1197 2257 1368 2304 apparet.
1428 2255 1526 2292 Tum
1550 2253 1702 2301 chorus,

202 2335 288 2361 cum
330 2323 474 2361 fumum
513 2323 829 2361 animadverterit
870 2336 917 2361 ex
958 2323 1118 2361 aedibus
1156 2324 1296 2370 evolvi,
1337 2324 1474 2360 iterum
1506 2322 1702 2369 dochmiis‚

202 2403 301 2440 quae
332 2391 473 2440 videat,
506 2391 698 2441 exprimit.
759 2391 875 2430 Cuius
905 2392 961 2428 rei
988 2403 1144 2429 causam
1170 2391 1272 2429 idem
1295 2391 1538 2440 coryphaeus
1559 2390 1704 2428 indicat

201 2459 338 2497 iisdem
370 2460 554 2498 senariis:

203 2662 374 2708 Quorum
416 2663 463 2701 de
503 2674 646 2711 genere
677 2676 726 2701 ne
757 2664 842 2711 quis
874 2663 1032 2712 dubitet,
1074 2664 1239 2711 syllabis
1271 2663 1434 2702 efficitur
1464 2674 1586 2711 usque
1616 2674 1703 2711 pro—

203 2731 338 2769 ductis.
397 2731 498 2768 Tum
540 2730 667 2769 denuo
699 2731 838 2770 chorus
875 2734 1005 2770 cantat
1034 2731 1214 2780 idemque
1245 2732 1426 2770 carminis
1456 2730 1571 2768 finem
1602 2729 1703 2770 facit.

205 2798 344 2837 Omnia
375 2799 518 2847 optime
550 2810 590 2837 se
621 2798 776 2837 habent.

1432 2873 1495 2909 30*
