1961 3179
265 88 345 128 432
1637 84 1754 138 [128]

378 201 447 242 Or.
480 203 572 243 960.
631 202 852 251 Simplicius
884 204 942 240 est
962 214 1116 240 carmen
1138 203 1345 240 iambicum
1365 203 1405 240 in
1427 202 1490 242 Or.
1511 214 1546 239 V.
1569 202 1650 239 960
1662 212 1758 252 sqq.‚

265 270 369 319 quod
399 271 446 308 ab
469 271 628 309 Electra
659 273 846 311 cantatur.
905 269 989 316 Quo
1019 271 1058 308 in
1086 270 1328 308 emendando
1350 271 1452 320 lapsi
1471 272 1559 308 sunt
1581 269 1759 317 editores,

265 338 368 387 quod
407 339 525 377 iambi
554 341 595 376 ut
626 339 848 387 saepissime
890 339 1090 376 nonnullis
1130 339 1228 377 loeis
1257 339 1381 388 prima
1411 338 1521 376 brevi
1550 348 1760 387 suppressa

264 406 532 445 trochaeorum
582 407 726 445 similes
777 409 876 445 sunt.
950 406 1047 445 Octo
1097 409 1220 444 metra
1269 407 1492 445 continuata
1541 405 1760 452 decurrunt,

264 487 425 523 quorum
469 475 606 513 ultima
649 474 752 512 hanc
795 474 942 512 habent
985 474 1164 512 formam:
1197 482 1482 516 -υ-Ιυ--
1517 474 1574 524 (in
1611 474 1760 512 antistr.

264 544 408 592 Musgr.
452 546 557 581 recte
603 543 732 595 ζῆλος
776 554 845 592 pro
891 538 1089 595 ζηλωτός
1130 542 1315 592 scripsit),
1361 541 1501 580 deinde
1547 542 1760 579 trimetrum

264 612 469 649 iambicum
500 611 672 660 sequitur
692 622 827 648 versus
849 613 1061 660 corruptus,
1093 611 1158 659 qui
1180 610 1308 649 deleto
1332 611 1450 649 verbo
1472 604 1761 662 Περσεφάσσα

265 690 344 717 non
374 681 542 728 sanatur,
574 691 660 718 cum
691 678 787 717 duas
817 679 993 727 syllabas
1025 678 1159 718 deesse
1191 678 1431 728 antistropho
1464 677 1762 716 demonstretur:

268 838 488 888 Sequuntur
518 837 632 877 haec:

777 923 1265 958 ψ--ῃ-ψ-ιυ-υ-
1292 917 1322 965 1)

268 1011 305 1047 et
335 1009 509 1047 senarius
540 1011 578 1046 et
607 1009 746 1047 iterum
777 1021 811 1046 v.
835 1010 1036 1058 corruptus
1067 1007 1307 1058 (trochaeum
1337 1001 1499 1061 πήματ’
1529 1003 1668 1046 οἴκων
1697 1006 1764 1044 vix

267 1079 372 1115 recte
410 1077 576 1125 restitui,
617 1076 686 1115 sed
724 1077 765 1114 in
807 1077 953 1115 antistr.
989 1077 1180 1114 nonnulla
1217 1078 1310 1125 puto
1352 1074 1570 1124 excidisse).
1627 1074 1764 1112 Finem

268 1142 417 1184 faciunt
447 1147 593 1194 septem
623 1148 746 1183 metra
776 1145 952 1183 iambica.
1011 1144 1235 1192 Trimetros,
1275 1143 1342 1193 qui
1371 1142 1552 1181 videntur
1581 1153 1676 1190 esse,
1717 1153 1766 1180 ex

269 1213 451 1251 carminis
482 1224 625 1262 genere
656 1215 819 1262 apparet
850 1212 1099 1251 deducendos
1130 1223 1226 1251 esse.

383 1347 453 1388 Or.
485 1349 578 1388 986.
638 1349 697 1387 De
729 1348 854 1398 epodo
884 1348 961 1386 iam
992 1348 1134 1387 dictum
1166 1350 1233 1387 est.
1292 1347 1477 1385 Versibus
1509 1347 1645 1396 quales

477 1451 569 1488 986.
613 1442 660 1497 ὃς
692 1445 841 1490 ἔτεκεν
874 1445 993 1489 ἔτεκε
1024 1447 1257 1502 γενέτορας
1289 1445 1447 1501 ἐμέθεν
1478 1443 1629 1501 δόμων

477 1530 569 1567 990.
611 1524 818 1582 πελάγεσι
850 1527 1137 1581 διεδίφρευσε,
1168 1526 1404 1581 Μυρτίλου
1434 1522 1580 1578 φόνου

274 1631 557 1670 demonstratur
587 1632 701 1669 etiam
732 1644 768 1669 v.
792 1632 870 1669 997
904 1634 941 1670 et
973 1631 1133 1669 similes:

588 1729 780 1786 λόχευμα
811 1730 1057 1786 ποιμνίοισι
1088 1723 1290 1780 ᾹΙαιάδος
1320 1728 1461 1772 τόκου

276 1838 451 1874 cantatos
482 1847 577 1884 esse,
608 1836 682 1875 nisi
712 1837 787 1874 iam
818 1848 867 1874 ex
899 1836 1076 1875 carminis
1107 1835 1382 1885 compositione
1412 1835 1716 1884 intellegeretur.

387 1972 457 2011 Or.
492 1973 612 2010 1369.
669 1972 839 2021 Phrygis
875 1972 1057 2010 monodia
1087 1971 1292 2009 admodum
1323 1971 1474 2018 festiva,
1515 1982 1591 2019 qua
1621 1970 1768 2009 Orestis

274 2040 512 2088 Pyladisque
544 2039 648 2078 facta
677 2042 893 2088 narrantur,
933 2043 975 2078 ut
1004 2052 1081 2077 una
1119 2038 1323 2077 tractanda
1363 2041 1402 2076 et
1431 2049 1565 2076 versus
1595 2038 1769 2085 trimetri,

276 2108 341 2155 qui
371 2108 410 2145 in
441 2119 487 2146 ea
516 2109 771 2157 reperiuntur,
801 2108 967 2157 primum
997 2107 1263 2146 enumerandi:
1320 2118 1323 2119 ⁷

394 2211 432 2237 v.
458 2198 576 2238 1409.
606 2197 831 2237 Antecedit:

278 2335 464 2383 sequitur:

819 2612 1216 2627 ---------

279 2669 397 2714 ipsum
421 2680 529 2704 unum
555 2670 739 2714 quomodo
764 2671 958 2706 recitentur
981 2674 1070 2715 puto
1095 2670 1252 2706 novisse.
1299 2669 1360 2703 Ad
1376 2668 1515 2704 iambos
1533 2670 1631 2703 certe
1647 2666 1772 2703 referri

279 2736 352 2761 non
377 2729 539 2771 possunt.
