1961 3179
253 170 333 207 344
1650 168 1738 220 [40]

251 282 369 320 Medii
400 293 532 319 versus
563 292 674 330 pares
706 284 803 329 sunt,
836 281 1047 319 choriambi
1078 284 1205 320 autem
1235 283 1344 320 locus
1366 282 1416 320 ad
1437 283 1570 321 modos
1591 285 1740 332 pertur-

251 350 399 388 bandos
430 350 578 386 nullam
610 350 686 386 vim
717 348 834 387 habet
870 351 920 398 (v.
943 349 1086 400 supra).
1146 350 1280 388 Finem
1319 349 1412 389 facit
1450 350 1540 389 huic
1579 351 1740 400 periodo

252 417 542 466 ithyphallicus‚
574 429 688 465 quem
730 417 900 455 eiusdem
941 418 1095 466 generis
1135 429 1269 456 versus
1310 419 1492 467 sequitur.
1551 419 1742 467 Equidem

250 486 324 523 hoc
356 497 508 534 quoque
538 487 715 523 metrum:
746 503 996 518 υυυυυ
1019 485 1303 523 attribuendum
1332 489 1425 535 puto
1455 487 1535 524 illis
1561 486 1741 525 brevibus

250 553 424 591 versibus
468 552 687 600 trochaicis,
733 554 799 602 qui
844 553 893 591 ad
935 554 1134 602 vulgatam
1174 565 1252 591 non
1292 554 1485 603 quadrant
1523 566 1742 592 mensuram

250 633 376 670 neque
406 624 536 659 tamen
572 621 651 659 alio
692 621 805 659 modo
846 622 1000 659 recitari
1039 623 1199 671 possunt
1229 621 1293 667 (cf.
1313 622 1422 671 impr.
1453 621 1516 661 Or.
1540 623 1619 659 992
1633 622 1743 671 sqq.).

250 690 385 737 Itaque
426 701 461 726 v.
483 688 564 726 502
606 700 692 727 cum
733 701 787 738 sq.
826 692 867 727 ut
908 689 1024 727 simili
1065 689 1356 738 coniungendus
1398 692 1465 728 est.
1505 712 1559 717 —-
1589 689 1742 728 Deinde

249 758 385 795 iterum
427 757 588 795 inseruit
617 760 733 806 poeta
763 757 927 806 primum
957 759 1129 806 metrum,
1169 757 1272 806 quod
1312 758 1437 796 denuo
1466 759 1628 796 iteratur
1656 760 1744 807 post

251 825 346 862 duos
376 836 509 863 versus
549 824 771 873 (dummodo
811 828 916 864 recte
955 828 1042 874 post
1082 823 1279 878 κερκίσιν
1318 825 1621 875 distinguamus).
1679 827 1741 863 In-

250 893 420 931 vocatio:
454 880 490 932 ὦ
520 890 651 944 μελέα
682 896 771 942 post
790 893 891 931 illud
911 894 1100 934 incertum
1122 906 1188 941 τις
1209 896 1333 932 antec.
1353 905 1432 931 non
1452 893 1584 932 fertur.
1643 894 1742 933 Con-

250 962 337 999 silio
367 960 476 999 finxit
496 962 584 999 Eur.
608 961 766 999 chorum
796 962 984 1011 religione
1017 965 1168 1011 captum
1190 963 1304 1000 anxie
1327 965 1364 1000 et
1383 963 1529 1000 incerte
1551 962 1743 1000 dicentem

252 1029 298 1067 de
330 1041 376 1067 ea
405 1041 458 1067 re.
518 1029 630 1076 Quod
661 1030 694 1067 is
726 1030 791 1078 qui
821 1029 920 1067 illud
952 1022 988 1069 ὦ
1017 1030 1188 1077 inseruit,
1219 1041 1297 1068 non
1321 1030 1526 1068 intellexit.
1583 1029 1744 1068 Numeri

250 1097 366 1146 igitur
397 1096 438 1135 hi
467 1100 571 1136 sunt:

454 1313 545 1351 505.
858 1332 983 1346 -ψψ
1018 1337 1051 1341 -
1086 1332 1165 1348 ψ-
1205 1315 1233 1363 1)

1132 1538 1710 1555 -------------

723 1604 1166 1620 QQQQQQQQQQ

248 1666 408 1704 Praeter
447 1665 626 1713 dactylos
672 1665 877 1714 (siquidem
923 1666 1089 1714 dactyli,
1134 1678 1213 1704 non
1257 1666 1469 1706 choriambi
1513 1667 1632 1721 sunt),
1677 1669 1743 1718 qui

249 1745 318 1782 per
348 1745 388 1771 se
420 1734 580 1771 consoni
610 1736 707 1781 sunt,
739 1735 870 1772 nullus
902 1736 958 1772 est
979 1746 1111 1773 versus
1132 1737 1252 1774 semel
1273 1736 1430 1785 positus,
1461 1748 1593 1776 omnes
1614 1740 1742 1777 autem

250 1800 454 1840 artificiose
484 1802 602 1850 mixti,
631 1803 674 1840 ut
702 1801 800 1840 haec
830 1801 953 1852 figura
983 1803 1151 1841 eveniat:

985 1907 1008 1932 a

967 2042 1030 2068 OG

987 2111 1010 2135 a

947 2165 1046 2204 dact

983 2233 1007 2270 b

361 2346 452 2384 Ion.
486 2346 603 2386 1229.
662 2346 785 2384 Multo
817 2347 931 2384 etiam
963 2345 1161 2396 pulchrius
1193 2346 1299 2384 chori
1330 2350 1388 2385 est
1417 2348 1608 2387 canticum
1638 2350 1740 2387 solu-

248 2416 326 2451 tum
358 2427 389 2451 a.
412 2426 446 2451 v.
481 2415 601 2452 1229.
661 2413 902 2462 Quicumque
943 2414 1018 2452 hoc
1054 2415 1144 2452 loco
1175 2415 1265 2452 illas
1297 2415 1552 2465 componendi
1583 2416 1741 2465 regulas

362 2524 389 2566 1)
416 2524 553 2567 ‹poa-lav
577 2524 667 2568 libri,
693 2524 817 2558 Matth.
844 2525 1007 2568 φοινίαν.

362 2579 388 2622 2)
414 2575 541 2623 λόγοις
564 2580 789 2614 retinendum
816 2585 880 2625 est,
907 2591 986 2615 cum
1011 2581 1100 2615 illud
1126 2575 1209 2615 οὔτε
1227 2608 1235 2616 .
1254 2608 1260 2615 .
1281 2609 1288 2616 .
1307 2575 1390 2616 οὔτε
1421 2581 1492 2617 alio
1522 2582 1631 2617 modo
1657 2582 1741 2618 ferri

248 2646 318 2669 non
335 2635 462 2678 possit.
499 2636 612 2677 Quam
630 2636 868 2672 differentiam
884 2637 1041 2672 voluerit
1057 2641 1168 2682 poeta
1183 2637 1276 2673 inter
1291 2635 1347 2672 ἐπὶ
1363 2639 1532 2683 κερκίσιν
1550 2641 1586 2673 et
1599 2634 1739 2684 λόγοις,

247 2691 351 2725 facile
375 2692 605 2736 perspicitur:
631 2693 924 2728 Narratiunculae
941 2698 1023 2728 sunt
1039 2694 1194 2739 fabulae,
1219 2704 1310 2739 quas
1334 2694 1488 2730 feminae
1513 2705 1593 2730 cum
1617 2698 1741 2730 texant

247 2747 366 2782 solent
391 2748 532 2792 garrire,
559 2744 662 2793 λόγοι
690 2753 808 2784 autem
834 2753 916 2784 sunt
938 2750 1238 2795 philosophorum
1263 2750 1375 2786 verba
1399 2755 1461 2787 aut
1484 2755 1583 2787 certe
1599 2754 1740 2787 senten-

247 2803 317 2838 tiae
342 2804 560 2847 cogitatione
585 2809 787 2850 perceptae.
