1961 3179
1063 755 1094 793 Ι.

753 843 821 886 De
853 843 1053 886 canticis
1090 843 1393 898 astrophicis.

440 935 609 974 Graecos
641 935 874 974 admiramur
911 939 1047 985 poetas
1088 949 1232 975 summa
1267 940 1348 974 arte
1380 937 1639 986 composuisse
1670 937 1821 975 cantica

326 1004 456 1041 metris
487 1006 563 1041 tam
593 1004 723 1051 variis,
755 1016 854 1052 quae
884 1017 961 1042 non
993 1004 1186 1052 quadrant
1206 1005 1255 1042 ad
1275 1005 1459 1053 linguam,
1491 1016 1567 1053 qua
1586 1016 1658 1042 nos
1679 1005 1821 1042 utimur

327 1072 501 1119 quamvis
542 1071 673 1109 formis
710 1073 876 1121 copiosa,
916 1085 1015 1121 quae
1045 1085 1094 1110 ne
1125 1072 1373 1122 Klopstockii
1405 1073 1559 1121 quidem
1589 1073 1697 1122 poesi
1726 1072 1820 1111 Ger-

326 1151 463 1177 manae
495 1142 701 1189 potuerunt
731 1141 1002 1187 reconciliare3
1035 1141 1220 1179 Graecam
1250 1141 1484 1178 admiramur
1507 1142 1679 1190 linguam
1701 1142 1820 1179 abun-

327 1208 420 1246 dare
450 1207 582 1246 formis
613 1209 822 1257 metrisque
858 1212 935 1246 tam
966 1209 1151 1247 mollibus
1183 1211 1221 1247 et
1250 1209 1405 1258 pulcris,
1447 1221 1559 1258 quae,
1599 1209 1672 1247 etsi
1700 1209 1820 1257 varia,

325 1278 455 1314 tamen
498 1279 700 1326 tantopere
746 1277 982 1315 cohaereant
1025 1278 1188 1315 alterum
1229 1289 1314 1315 cum
1355 1278 1496 1326 altero,
1541 1279 1583 1315 ut
1623 1280 1732 1315 vates
1772 1289 1821 1315 ex

325 1344 455 1381 multis
485 1344 650 1382 reddere
680 1345 802 1394 possit
830 1357 946 1382 unum
979 1356 1145 1383 carmen.

438 1411 732 1461 Philologorum
763 1416 820 1451 est
849 1425 927 1451 non
957 1414 1049 1451 satis
1080 1413 1224 1451 habere
1255 1425 1302 1451 ea
1321 1413 1489 1462 legendo
1509 1414 1722 1463 percipere,
1752 1413 1821 1452 sed

326 1481 539 1529 exquirere,
571 1493 670 1529 quae
701 1481 776 1518 sint
806 1492 956 1528 causae,
988 1493 1087 1529 quae
1117 1492 1179 1519 res
1208 1481 1247 1518 id
1274 1480 1445 1519 efficiant
1465 1482 1589 1519 altera
1609 1480 1820 1519 accedente

326 1548 376 1586 ad
407 1549 581 1588 alteram.
640 1549 777 1597 Neque
808 1561 899 1587 vero
931 1549 1182 1598 discerpimus
1204 1560 1299 1598 opus
1320 1551 1402 1586 arte
1423 1550 1576 1598 poetica
1595 1548 1819 1598 perfectum,

326 1616 394 1654 sed
437 1617 521 1654 vias
566 1617 760 1664 sequimur
804 1616 955 1654 abditas
1000 1618 1120 1665 vulgo
1165 1617 1302 1665 quibus
1341 1617 1586 1666 progreditur
1624 1619 1741 1666 poeta
1779 1618 1821 1654 in

325 1685 591 1733 componendo
643 1674 828 1732 carmine,
883 1685 981 1723 sicut
1038 1686 1103 1733 qui
1153 1684 1287 1733 figlina
1341 1685 1533 1733 quomodo
1582 1687 1820 1733 exerceatur,

326 1751 473 1790 discere
513 1754 611 1799 vult,
655 1764 733 1790 non
774 1754 899 1790 solum
945 1754 1049 1790 ollas
1090 1753 1228 1802 aspicit
1269 1753 1482 1801 confectas,
1527 1753 1596 1791 sed
1636 1753 1677 1790 in
1714 1753 1820 1802 ipsas

323 1820 442 1857 intrat
482 1819 665 1858 officinas.
726 1821 856 1869 Atque
896 1820 1018 1868 nobis,
1059 1820 1162 1869 quod
1203 1832 1317 1869 quam
1354 1821 1512 1870 egregia
1542 1821 1590 1859 sit
1620 1823 1657 1859 et
1685 1821 1820 1870 lingua

326 1887 475 1926 Graeca
506 1891 544 1926 et
573 1891 774 1937 poetarum
806 1900 878 1936 ars,
920 1900 964 1926 eo
1002 1889 1114 1926 modo
1149 1889 1413 1938 perspicimus,
1455 1900 1516 1927 res
1553 1889 1712 1927 metrica
1741 1900 1820 1927 non

325 1955 440 1993 debet
480 1968 565 1994 esse
604 1957 898 1994 instrumentum
940 1957 1051 2005 quasi
1090 1957 1303 2004 molestum,
1344 1956 1414 1994 sed
1453 1956 1618 1994 studium
1658 1967 1820 2006 sacrum,

325 2023 468 2072 quippe
499 2035 574 2072 quo
605 2027 850 2072 penetremus
880 2024 920 2061 in
950 2025 1036 2073 ipsa
1067 2024 1186 2072 adyta
1215 2024 1361 2072 ingenii
1392 2023 1543 2062 Graeci.

436 2091 630 2140 Euripidis
671 2092 843 2129 carmina
881 2092 1161 2141 perquisiturus
1201 2103 1296 2139 sum,
1334 2103 1459 2140 neque
1498 2103 1592 2130 vero
1623 2103 1680 2140 ea,
1720 2103 1819 2140 quae

323 2159 408 2196 sola
450 2159 639 2208 explicari
679 2160 807 2197 solent
849 2181 900 2187 —
941 2171 1083 2208 magna
1123 2159 1231 2197 chori
1267 2160 1435 2208 cantica,
1477 2159 1615 2208 quibus
1655 2160 1819 2198 alterum

323 2226 536 2275 episodium
575 2226 759 2264 dividitur
798 2227 845 2264 ab
877 2228 1000 2265 altero
1037 2249 1101 2275 —-,
1142 2226 1210 2265 sed
1247 2239 1310 2275 ea,
1349 2239 1447 2276 quae
1483 2227 1601 2265 valde
1635 2229 1820 2276 neglecta

323 2296 426 2342 sunt,
472 2306 588 2343 quae,
634 2306 866 2343 quamquam
911 2290 1009 2333 haec
1054 2306 1206 2343 quoque
1250 2295 1513 2344 pulcherrima
1557 2298 1660 2343 sunt,
1704 2306 1818 2333 nemo

323 2361 449 2399 adhuc
480 2363 572 2400 satis
603 2366 783 2401 accurate
815 2363 1044 2412 exploravit,
1085 2374 1170 2401 cum
1200 2364 1321 2412 leges,
1361 2364 1499 2412 quibus
1529 2365 1819 2412 componantur,

324 2428 481 2476 ignotae
513 2430 597 2468 sint.
658 2430 817 2469 Cantica
847 2431 1068 2479 astrophica
1106 2431 1204 2478 dico,
1244 2431 1268 2469 i.
1290 2443 1322 2468 e.
1354 2443 1409 2479 ea,
1441 2442 1540 2479 quae
1570 2431 1818 2480 responsione

325 2496 600 2545 antisti-ophica
643 2510 722 2535 non
768 2499 1030 2546 continentur,
1075 2498 1144 2537 sed
1187 2498 1404 2536 inordinate
1450 2501 1566 2547 atque
1609 2498 1818 2546 incondite,

324 2565 578 2612 neglegenter
626 2565 707 2604 fere
757 2566 937 2604 videntur
987 2568 1199 2616 composita
1248 2578 1343 2605 esse.
1417 2567 1462 2604 In
1507 2567 1645 2615 quibus
1689 2569 1819 2605 tamen

324 2633 447 2669 certas
477 2632 603 2670 inesse
635 2634 923 2682 compositionis
953 2635 1061 2683 leges
1094 2635 1264 2673 conabor
1291 2635 1565 2683 demonstrare,
1596 2646 1694 2683 quae
1714 2633 1819 2672 haud

323 2699 482 2736 multum
527 2700 673 2739 distant
716 2714 739 2739 a
782 2703 1030 2751 reliquorum.
1103 2704 1203 2741 Nam
1247 2715 1317 2753 pro
1360 2704 1516 2742 remotis
1563 2703 1738 2753 partibus
1780 2703 1816 2741 ei

322 2777 454 2804 versus
485 2767 584 2805 inter
614 2780 655 2807 se
685 2769 931 2818 respondent,
969 2770 1035 2819 qui
1063 2769 1223 2819 finitimi,
1259 2771 1425 2820 proximi
1454 2773 1553 2810 sunt.
1612 2770 1720 2817 Quae
1749 2771 1815 2810 lex
