1961 3179
166 128 282 178 [141]
1578 125 1659 163 445

399 240 486 290 φεῦ
518 240 619 291 φεῦ·
907 238 909 304 4
1241 233 1366 291 ὤμοι·

167 304 317 347 ἴδεσθε
350 303 549 360 διάνδιχα
580 307 758 360 κλῇθρα
950 305 1097 347 ἴδεσθε
1118 300 1221 346 τάδε
1238 305 1373 347 τέκνα
1388 301 1663 360 πρὸπατρός

166 373 362 415 κλίνεται
393 366 640 427 ’ὑψιπύλων
674 372 837 427 δόμων.
908 410 910 422 ,
952 369 1088 414 ἄθλια
1119 373 1296 427 κείμενα
1328 368 1552 415 δυστὰιόυ

951 436 1164 491 εὕδοντος
1218 436 1365 483 ὕπνον
1417 437 1565 482 δεινὸν
1614 439 1663 481 ἐκ

1295 509 1471 551 παίδων
1502 506 1661 561 φόνου.

165 625 346 675 Apparet
367 637 423 673 ea,
446 638 546 674 quae
566 626 812 675 respondent,
836 629 1013 664 cantasse
1030 625 1303 674 coryphaeum,
1324 625 1514 663 senarium
1537 627 1662 663 autem

167 696 206 731 et
226 705 340 731 sensu
362 697 400 731 et
422 697 542 732 metro
566 695 615 732 ad
637 707 850 733 sermonem
870 694 1072 743 quadrare,
1094 696 1134 731 ut
1156 694 1269 731 etiam
1286 706 1348 730 vv.
1374 693 1662 741 1039-1041,

168 762 233 810 qui
253 762 578 811 Amphitryonem
609 764 788 800 nuntiant
818 763 859 799 in
888 774 1066 800 scaenam
1093 761 1248 811 prodire
1269 758 1554 814 (observandae
1575 763 1665 798 sunt

167 830 347 878 syllabae
377 830 601 879 productae,
633 831 787 869 dicendi
810 831 907 868 ratio
929 842 1050 880 prope
1072 829 1222 868 aceedit
1243 829 1293 866 ad
1314 841 1435 878 genus
1456 829 1663 877 melicum).

168 896 424 936 Conferantur
454 899 568 935 etiam
599 911 634 939 v.
659 899 765 936 1086
780 911 847 947 sq.,
880 909 975 946 quos
1006 897 1108 935 idem
1140 897 1383 946 coryphaeus
1413 897 1595 945 loquitur.

281 1035 373 1074 Ion.
406 1035 498 1072 676.
559 1034 840 1073 Difficillimum
882 1037 939 1072 est
981 1035 1173 1072 canticum
1214 1034 1297 1071 Ion.
1329 1034 1408 1070 676
1425 1045 1519 1081 sqq„
1560 1032 1663 1081 quod

167 1102 321 1141 differre
361 1103 426 1140 vix
466 1102 621 1140 videtur
662 1103 710 1140 ab
753 1103 839 1140 aliis
877 1103 1056 1142 stasimis.
1116 1102 1311 1150 Comperit
1355 1101 1494 1139 chorus
1530 1103 1663 1138 Ionem

167 1170 286 1208 Xuthi
326 1182 409 1209 esse
449 1171 570 1208 filium
612 1173 649 1209 et
689 1171 866 1208 dominae
908 1173 1049 1208 sortem
1093 1170 1376 1207 excitatissimis
1415 1170 1663 1217 conqueritur

168 1239 308 1277 verbis.
364 1239 510 1287 „Video
532 1239 712 1277 lacrimas
735 1241 772 1276 et
794 1241 929 1277 cantus
950 1238 1136 1286 lugubres
1158 1240 1195 1275 et
1215 1239 1398 1285 lamenta,
1419 1238 1486 1275 ubi
1508 1237 1664 1275 domina

168 1319 254 1345 mea
293 1308 451 1356 stirpem
493 1308 720 1356 cognoverit
751 1318 834 1345 esse
876 1307 1011 1345 marito
1051 1329 1106 1333 —-
1135 1307 1220 1355 ipsa
1251 1308 1377 1344 aut-em
1406 1306 1550 1347 liberos
1586 1318 1664 1343 non

166 1375 309 1413 habeat
349 1378 387 1413 et
417 1378 548 1414 carcat
578 1375 698 1424 stirpe
728 1397 785 1402 —
815 1376 943 1423 quale,
984 1387 1005 1412 ο
1036 1376 1156 1423 vates,
1200 1374 1371 1412 Latonae
1402 1373 1468 1422 fili,
1509 1373 1664 1411 edidisti

167 1445 411 1482 01·aeulum!“
487 1443 637 1481 Deinde
688 1444 849 1492 quaerit⁷
900 1455 948 1480 ex
1003 1455 1078 1491 qua
1118 1442 1261 1480 femina
1290 1442 1420 1479 Xutho
1461 1444 1573 1479 natus
1614 1442 1664 1478 sit

166 1511 280 1553 filius.
340 1511 619 1561 Antistrophus
663 1512 712 1549 ab
744 1511 802 1549 his
835 1512 964 1549 verbis
995 1511 1150 1560 incipit:
1196 1509 1251 1559 „O
1290 1522 1414 1558 carae,
1444 1522 1535 1547 num
1557 1521 1664 1547 meae

168 1580 346 1618 dominae
376 1580 474 1618 haee
505 1593 646 1629 magna
675 1591 772 1617 voce
802 1580 843 1617 in
875 1591 986 1617 aures
1015 1580 1224 1617 clamemus
1255 1578 1302 1616 de
1324 1579 1468 1626 marito,
1500 1590 1664 1625 quocum

168 1649 372 1686 coniuncta
412 1651 495 1686 erat
535 1648 670 1686 eadem
702 1659 780 1697 spe,
812 1669 867 1675 —
896 1648 972 1685 iam
1005 1649 1132 1684 autem
1163 1646 1260 1684 haec
1291 1646 1457 1695 procidit
1488 1646 1664 1692 sortibus,

167 1717 236 1755 ille
278 1717 413 1755 beatus
446 1719 503 1755 est
532 1739 582 1744 ——
619 1728 718 1764 quae
749 1718 985 1754 senectutem
1017 1717 1176 1764 oppetat
1206 1726 1283 1752 non
1324 1715 1430 1752 culta
1470 1726 1492 1750 a
1530 1713 1664 1751 liberis

166 1785 477 1825 venerantibus.“
541 1786 665 1822 Metra
687 1787 775 1821 sunt
796 1783 1023 1822 dochmiaca
1044 1785 1198 1832 praeter
1218 1794 1334 1819 unum
1356 1793 1520 1828 versum,
1552 1793 1665 1829 quem

166 1855 330 1901 utroquo
360 1854 451 1891 loco
482 1853 591 1890 uncis
621 1852 772 1891 inclusi.
833 1852 950 1890 Cuius
982 1851 1210 1889 sententiam
1242 1852 1279 1887 et
1308 1851 1347 1886 in
1377 1848 1536 1898 stropha
1569 1849 1664 1886 etin

167 1921 408 1970 antistropho
426 1921 588 1959 eandem
604 1920 686 1958 fere
703 1932 786 1958 esse
803 1920 970 1957 animum
987 1919 1162 1968 pereutit,
1180 1921 1360 1967 praetera
1377 1918 1492 1954 etiam
1509 1916 1665 1954 dicendi

167 1990 318 2027 ratione
340 1990 532 2027 trimetrus
555 1989 670 2026 distat
691 2001 713 2026 a
734 1988 893 2036 reliquis
915 1987 1089 2025 versibus
1111 1986 1174 2035 (cf.
1197 1983 1455 2038 λελειμμένη
1476 1982 1664 2033 τέκνων,

165 2051 192 2111 ἢ
224 2055 306 2108 μὲν
328 2089 335 2096 .
361 2089 368 2095 .
393 2049 416 2096 ὃ
440 2055 513 2106 δὲ),
572 2057 738 2094 Librarii
758 2056 1009 2104 pertinaciter
1031 2054 1111 2092 fere
1133 2055 1311 2092 vocalem
1341 2066 1368 2106 η
1398 2052 1664 2090 tradiderunt:

167 2119 291 2179 αὐτή,
315 2125 581 2179 λελειμμένη,
598 2119 623 2180 ἢ
639 2123 733 2177 με’ν.
776 2124 946 2169 Quorum
964 2123 1225 2161 auctoritatem
1243 2133 1321 2159 non
1343 2122 1514 2168 multum,
1535 2123 1663 2158 tamen

166 2205 245 2231 non
284 2193 382 2231 nihil
423 2195 556 2232 valere
586 2193 752 2231 vidimus
782 2192 1010 2241 praesertim
1044 2203 1129 2229 cum
1159 2191 1198 2228 in
1228 2192 1308 2228 toto
1341 2190 1491 2227 cantico
1522 2189 1663 2237 ubique

166 2261 309 2299 formas
344 2262 553 2310 „Dorieas“
588 2262 839 2299 inveniamus.
899 2260 1135 2298 Momentum
1166 2261 1294 2296 autem
1331 2258 1450 2305 affert,
1492 2256 1594 2305 quod
1625 2258 1664 2293 in

167 2329 407 2378 antistropho
447 2331 520 2367 illo
552 2330 704 2367 senario
737 2329 925 2367 enuntiati
956 2328 1183 2376 compositio
1214 2327 1333 2375 plane
1363 2325 1662 2373 interrumpitur.

167 2397 208 2435 si
248 2398 378 2435 omnia
419 2398 602 2435 continua
641 2399 899 2442 cantarentur,
939 2395 1042 2432 illud
1083 2392 1330 2434 ἐσπεσοῦσα
1372 2405 1451 2430 non
1490 2392 1663 2439 haberet,

168 2477 243 2514 quo
274 2464 473 2512 referatur,
506 2477 591 2503 cum
623 2465 809 2502 ancedat:
851 2457 875 2503 ὃ
903 2455 1123 2514 δέὐτυχεῑ,
1156 2464 1237 2499 arte
1269 2463 1396 2498 autem
1429 2461 1663 2508 coniungen-

166 2532 257 2570 dum
297 2533 346 2570 sit
386 2545 471 2571 cum
512 2533 632 2570 verbo
664 2526 844 2584 τλάμων
883 2532 922 2568 in
953 2543 986 2569 v.
1011 2532 1103 2568 688.
1164 2529 1310 2574 Quibus
1342 2528 1518 2566 omnibus
1549 2528 1663 2565 rebus

166 2602 384 2639 necessario
425 2601 663 2648 adducimur,
703 2603 743 2637 ut
786 2600 952 2637 sermoni
993 2599 1203 2636 tribuamus
1243 2597 1464 2636 trimetrum.
1531 2596 1662 2644 Atque

165 2670 242 2707 iam
273 2669 470 2707 videamus
501 2670 582 2707 eius
613 2668 790 2706 formam:

630 2781 664 2785 ,-
676 2781 709 2785 -
722 2777 755 2790 ψ
767 2781 800 2785 ,-
816 2766 820 2800 Ι
836 2773 1209 2789 --------
1223 2756 1229 2792 ξ
