1961 3179
182 208 265 261 [41]
1596 209 1676 247 345

181 326 299 372 negat
349 325 496 371 extare,
547 335 587 362 se
627 323 750 372 ipsum
791 322 918 361 reddit
959 335 1126 361 caecum.
1185 324 1334 361 Tamen
1373 324 1469 361 mira
1510 324 1677 373 quadam

183 395 264 430 arte
295 391 462 430 editores
493 393 558 429 vel
588 391 661 429 hoc
691 392 792 437 loco,
825 403 909 428 cum
941 391 1139 429 socordius
1167 391 1387 429 dividerent
1408 403 1553 440 versus,
1587 404 1675 430 con-

181 463 332 499 centum
365 459 604 498 deleverunt.
635 481 692 486 -—
712 459 842 497 Verba
873 460 1014 508 optimc
1046 460 1188 497 tradita
1215 463 1303 498 sunt
1322 463 1478 509 praeter
1499 473 1534 501 v.
1558 461 1677 498 1239.

180 529 279 566 Nam
310 528 456 574 nescio,
493 539 568 576 quo
604 527 822 565 reserantur
857 528 929 564 illa
957 523 1125 579 χθονὸς
1156 521 1246 567 ὑπὸ
1278 527 1471 568 σκοτίων
1502 525 1678 581 μυχούς,

182 608 268 634 cum
298 597 329 634 si
359 596 575 645 penderent
604 608 627 632 a
657 595 776 633 verbo
808 591 957 647 φυγάν
984 597 1168 635 articulus
1191 596 1490 634 desideraretur.
1550 597 1678 643 Quare

182 675 267 701 cum
307 664 390 712 ipso
431 662 648 715 πορευθῶ
688 663 961 711 coniungenda
1001 666 1089 701 sunt
1130 667 1183 711 et,
1223 666 1265 701 ut
1300 664 1537 712 Hartungius
1576 664 1677 712 fecit,

181 721 272 771 ὑπὸ
304 729 511 778 σκοτίους
539 726 704 783 μυχούς
734 731 977 769 scribendum
1010 734 1076 769 est.
1136 733 1257 770 Poeta
1279 732 1333 770 sic
1355 733 1498 781 optime
1519 733 1679 770 licentia

182 799 348 848 quadam
388 800 553 848 primum
594 800 857 837 accusativum
897 801 1025 848 posuit
1070 800 1328 849 „cffectum“,
1370 800 1511 838 deinde
1552 800 1677 838 subito

180 868 322 917 pergit:
359 880 432 915 „an
463 868 532 905 sub
562 870 706 905 terram
726 867 1001 916 p1·oficisca1·‘?“
1065 868 1263 907 Eiusmodi
1284 869 1483 907 sententiis
1504 869 1677 918 abruptis

182 935 289 973 chori
320 936 469 974 animus
501 936 724 985 depingitur
755 937 1062 974 excitatissimus.
1093 958 1148 964 —-
1179 936 1347 984 Reliqua
1377 948 1473 974 sana
1504 939 1607 974 sunt:

388 1509 507 1547 1235.
885 1526 1227 1541 ωψ-ψψ-υ
1255 1531 1289 1537 ...

388 1852 508 1892 1240.
963 1861 1288 1896 ψψ--Ῑυυ
1317 1874 1398 1881 „-

294 2174 360 2211 El.
397 2173 486 2211 150.
554 2173 794 2223 Astrophica
834 2176 893 2212 est
932 2173 1112 2212 mesodus
1152 2174 1333 2212 Electrae
1373 2172 1579 2212 monodiae
1619 2174 1680 2211 El.

181 2241 418 2291 v.150sqq.
489 2241 597 2287 Quae
639 2254 719 2280 non
759 2254 876 2280 unum
918 2245 975 2281 est
1015 2253 1171 2280 carmen
1212 2243 1444 2290 seiunctum,
1485 2241 1554 2280 sed
1595 2253 1680 2280 cum

182 2309 364 2359 strophae
410 2311 609 2349 sententiis
654 2311 893 2359 adiungitur,
939 2311 989 2349 ad
1036 2311 1184 2348 antistr.
1226 2310 1353 2348 medio
1398 2311 1437 2347 in
1483 2311 1679 2348 enuntiato

181 2379 327 2417 transit.
388 2378 474 2425 Qua
503 2379 543 2416 in
575 2391 617 2417 re
660 2391 745 2417 cum
786 2379 1011 2418 offendisset
1042 2379 1240 2428 Glaserus‚
1280 2378 1518 2428 respondere
1558 2379 1682 2416 voluit

180 2447 281 2484 iuter
311 2458 352 2485 se
384 2460 445 2485 vv.
471 2449 695 2485 112—126
720 2465 773 2480 =
797 2448 1018 2485 127—142
1048 2451 1085 2486 et
1120 2448 1346 2485 143—150
1369 2464 1422 2481 =
1449 2447 1681 2486 151—158.

182 2514 290 2561 Quae
334 2516 464 2565 opinio
500 2517 657 2554 reicitur
686 2517 779 2566 ipsis
810 2517 1032 2565 ingentibus
1074 2516 1322 2563 coniecturis,
1365 2515 1502 2564 quibus
1543 2514 1592 2553 ad
1622 2527 1681 2553 re-

183 2584 429 2632 sponsionem
470 2583 713 2622 efficiendam
754 2596 849 2633 opus
891 2587 958 2622 est.
1018 2585 1148 2622 Aliam
1190 2584 1291 2621 viam
1323 2583 1593 2621 Weckleinius
1624 2584 1681 2621 in-

182 2663 336 2700 gressus
367 2654 434 2699 est,
475 2655 516 2689 ut
547 2652 726 2690 mesodus
758 2652 935 2690 deleatur
968 2653 1105 2700 soluta,
1146 2664 1245 2700 quae
1276 2664 1354 2689 non
1389 2655 1596 2690 revocetur
1632 2651 1682 2689 ad

186 2720 376 2757 rationem
420 2720 601 2758 usitatam
650 2720 847 2758 hominum
892 2721 1147 2758 metricorum.
1222 2719 1296 2765 Qui
1343 2723 1385 2757 ut
1434 2719 1682 2769 ephymnium

181 2789 292 2837 putat
323 2787 479 2826 eosdem
510 2800 645 2826 versus
674 2789 871 2827 iterandos
903 2801 985 2827 esse
1013 2791 1101 2838 post
1122 2787 1413 2837 antistrophum.
1472 2787 1681 2826 Videamus

181 2856 310 2905 igitur,
342 2868 441 2906 quae
472 2856 521 2894 sit
551 2857 699 2895 mesodi
729 2858 931 2896 sententia.
992 2857 1039 2895 Se
1070 2858 1193 2908 ipsam
1225 2856 1374 2895 confert
1404 2858 1565 2896 Electra
1595 2868 1681 2896 cum
