1961 3179
287 138 367 176 442
1659 130 1775 190 [138]

287 252 424 289 iterum
455 251 631 289 versibus
662 250 850 288 similibus
881 249 929 288 ad
961 261 1082 298 genus
1112 249 1288 297 lyricum.
1347 249 1496 287 Inserto
1526 249 1597 287 illo
1627 247 1778 286 senario

287 319 403 357 totius
435 319 575 356 cantici
606 318 815 356 concitatio
846 319 966 355 multo
998 318 1110 355 etiam
1143 319 1315 366 augetur.

400 466 531 504 Herc.
556 465 648 503 735.
697 465 743 502 In
774 463 881 503 chori
913 464 1065 502 cantico
1087 464 1201 502 Herc.
1225 463 1304 501 735
1318 475 1412 512 sqq,
1444 475 1519 512 quo
1551 462 1692 512 gaudio
1714 474 1778 500 ex-

287 535 405 572 sultat
436 533 483 571 de
514 534 622 581 Lyco
653 533 692 570 in
723 531 883 570 aedibus
915 532 963 569 ab
985 532 1155 569 Hercule
1187 532 1325 579 occiso,
1357 531 1534 578 editores,
1565 543 1649 569 cum
1670 531 1778 579 igno-

287 604 430 648 rarent,
463 612 561 650 quae
594 601 642 638 sit
673 600 910 638 senariorum
941 600 1050 647 ratio,
1082 602 1121 637 et
1151 611 1242 638 suae
1262 600 1431 648 ipsorum
1451 599 1604 637 libidini
1623 598 1780 636 nimium

289 669 548 718 indulgerent,
594 668 643 706 ad
686 667 935 706 incredibiles
980 667 1152 705 sereres
1182 667 1342 716 pellecti
1372 669 1470 706 sunt.
1540 666 1779 714 Quamquam

290 737 619 784 Wilamowitzius,
650 739 691 774 ut
722 735 957 785 saepissime,
989 747 1065 772 non
1088 735 1211 783 magis
1233 735 1346 773 certis
1367 735 1612 783 argumentis,
1643 734 1780 782 quibus

288 816 357 842 nos
388 804 462 842 hac
493 805 531 841 in
562 816 603 842 re
626 805 776 851 utimur,
808 815 922 852 quam
952 803 1098 851 ingenii
1128 803 1187 841 sui
1207 801 1393 840 beneficio
1423 814 1554 840 verum
1584 801 1780 849 iudicavit,

287 885 372 911 cum
413 872 560 910 diceret
589 872 718 920 (Herc.
740 872 777 908 Π
800 883 835 920 p.
858 870 952 919 104)
983 871 1147 920 primum
1178 869 1421 919 stropharum
1451 882 1523 919 par
1552 871 1729 907 constare
1759 880 1780 906 e

290 940 438 978 duabus
478 939 648 988 periodis
691 938 935 985 dochmiacis,
979 949 1073 986 quas
1105 937 1244 975 chorus
1276 940 1441 984 caneret,
1481 940 1518 975 et
1549 949 1570 975 e
1599 936 1780 974 trimetris

289 1009 475 1055 iambicis,
499 1020 594 1056 quos
617 1006 860 1055 coryphaeus
881 1008 1125 1054 loqueretur:
1149 1006 1337 1043 sermonis
1358 1009 1485 1043 autem
1506 1017 1627 1054 genus
1644 1004 1780 1042 eodem

290 1076 402 1114 modo
443 1076 596 1122 variari,
638 1087 711 1123 quo
749 1085 946 1123 personas.
1006 1074 1155 1110 Tamen
1186 1072 1452 1110 Weckleinius
1483 1073 1631 1110 duobus
1662 1071 1781 1110 hemi-

289 1144 430 1182 choriis
461 1144 629 1181 tribuere
660 1143 744 1179 vult
775 1153 920 1187 versus,
961 1142 1015 1178 ita
1045 1144 1086 1178 ut
1116 1142 1282 1178 alterum
1313 1143 1442 1178 cantet
1473 1140 1682 1187 dochmios,
1721 1140 1780 1177 al-

287 1216 410 1250 terum
443 1212 625 1258 senarios,
657 1222 817 1259 qnorum
848 1210 1003 1247 ultimos
1035 1208 1188 1257 quidem
1221 1208 1442 1258 coryphaeo
1463 1209 1630 1256 reliquit,
1660 1220 1780 1256 quon-

292 1281 366 1318 iam
407 1281 443 1317 in
475 1280 521 1317 iis
553 1279 610 1317 bis
640 1281 760 1316 totum
793 1277 952 1316 chorum
983 1282 1116 1326 aperte
1148 1277 1361 1325 alloquitur
1392 1276 1645 1325 coryphaeus.
1705 1275 1781 1313 Sed

289 1349 402 1386 etiam
443 1348 592 1396 priores
631 1347 825 1385 trimetros
866 1345 1088 1394 coryphaeo
1133 1348 1296 1394 apparet
1334 1344 1559 1383 tribuendos
1604 1356 1689 1382 cum
1734 1356 1781 1382 ex

287 1416 549 1465 responsione,
579 1418 659 1453 tum
690 1427 710 1452 e
741 1426 919 1453 versuum
950 1413 1092 1452 forma:

495 1518 591 1555 740:
748 1535 917 1548 -----
932 1524 1324 1558 Ιῖ-ψ-Ιξ-υ-

495 1701 591 1736 747;
748 1707 936 1740 —-*-2-!
952 1717 1121 1730 -----
1137 1707 1325 1740 Ιψ-ψ-

292 1871 476 1908 Videmus
508 1871 622 1920 igitur
653 1871 767 1908 etiam
798 1871 845 1908 iis
876 1870 984 1917 locis,
1025 1881 1121 1918 quos
1151 1870 1226 1907 iam
1265 1870 1354 1906 aliis
1394 1869 1518 1907 causis
1560 1866 1780 1917 coryphaeo

290 1939 502 1987 tribuimus,
535 1939 710 1987 syllabas
741 1939 949 1988 productas
978 1950 1048 1976 nos
1079 1950 1156 1976 non
1188 1937 1365 1977 deficere.

403 2086 537 2126 Herc.
559 2086 652 2125 815.
712 2086 839 2123 Etiam
880 2087 919 2123 in
955 2086 1068 2123 huius
1112 2085 1291 2123 carminis
1322 2083 1397 2122 fine
1436 2084 1598 2122 trimetri
1627 2083 1781 2121 iambici

291 2155 451 2192 multam
511 2155 718 2192 effecerunt
778 2155 1123 2203 perturbationem,
1184 2165 1269 2191 cum
1325 2152 1364 2189 hi
1414 2152 1461 2189 de
1513 2150 1658 2201 epodo,
1718 2152 1782 2188 illi

292 2222 339 2260 de
389 2222 633 2260 hemichoriis
682 2223 910 2270 loquantur,
965 2223 1028 2259 illi
1077 2222 1204 2259 omnia
1253 2221 1486 2259 continuent.
1559 2220 1620 2257 Ne
1659 2219 1780 2256 Wila-

292 2291 501 2328 mowitzius
551 2290 705 2339 quidem
761 2291 807 2327 de
863 2290 998 2328 horum
1048 2301 1227 2327 versuum
1283 2291 1397 2326 cantu
1445 2299 1537 2325 vere
1585 2286 1781 2334 iudicavit,
1820 2278 1823 2280 ’

292 2357 363 2394 etsi
412 2358 533 2406 ipsam
592 2369 671 2395 rem
733 2358 874 2407 optime
932 2357 1154 2397 illustravit,
1232 2356 1394 2404 Diffugit
1453 2354 1590 2392 chorus
1645 2354 1781 2391 auxius

292 2425 560 2473 trepidusque,
617 2438 702 2463 cum
762 2426 853 2464 deos
913 2426 952 2462 in
1013 2425 1214 2473 theologio
1274 2424 1477 2473 aspexerit.
1564 2423 1663 2459 Tum
1720 2421 1782 2458 illi

292 2504 424 2530 versus
473 2494 779 2542 pronuntiantur.
866 2494 1003 2542 Neque
1063 2493 1162 2530 enim
1213 2492 1395 2540 antiquae
1445 2493 1502 2529 est
1555 2488 1781 2538 tragoediae

292 2574 494 2611 personas,
552 2563 716 2600 maxime
774 2562 929 2601 chorum
980 2563 1064 2611 ipsa
1113 2574 1172 2609 re,
1228 2573 1326 2610 quae
1377 2559 1501 2598 subito
1550 2559 1591 2596 in
1639 2568 1781 2596 scaena

294 2630 435 2678 agitur,
482 2630 657 2677 excitari,
716 2641 866 2678 semper
911 2630 990 2667 fere
1036 2629 1278 2678 coryphaeus
1322 2628 1590 2667 choreutarum
1634 2626 1781 2663 animos

294 2697 343 2734 ad
383 2708 445 2734 res
488 2698 705 2745 inopinatas
751 2698 952 2736 convertit.
1026 2697 1088 2735 Sic
1134 2698 1248 2735 etiam
1289 2696 1362 2734 hoc
1406 2697 1494 2734 loco
1540 2693 1782 2743 coryphaeus

293 2776 355 2806 vv.
386 2764 465 2802 815
482 2775 563 2812 sqq.
595 2765 781 2812 loquitur:
