1961 3179
170 99 284 153 [127]
1583 98 1660 137 431

167 215 339 253 breviter
359 214 516 264 egimus.
576 214 800 262 Trimetros,
823 225 917 263 quos
939 213 1125 252 exhibent
1145 214 1235 252 libri
1257 213 1518 261 Laurentiani,
1549 212 1664 251 homo

169 285 208 321 et
236 283 293 320 rei
323 282 506 320 metricae
539 284 576 320 et
596 282 794 332 Euripidis
825 283 918 321 artis
949 283 1149 332 imperitus
1176 282 1336 330 consuit,
1366 282 1457 320 libri
1477 281 1666 319 Marciani

168 351 285 389 lectio
316 350 491 399 quamvis
522 350 671 388 incerta
700 351 858 389 retineri
887 353 1025 400 potest.

282 485 450 524 Phoen.
486 486 605 524 1710.
663 487 800 525 Ultimi
831 487 972 525 cantici
997 487 1158 525 trimetri
1179 487 1244 525 vix
1265 485 1591 525 commemorandi
1610 508 1667 514 —-

169 555 363 593 coniuncti
402 554 504 592 enim
543 557 633 592 sunt
674 567 758 594 cum
799 555 974 593 versibus
1014 555 1206 603 iambicis,
1246 556 1311 604 qui
1351 557 1562 604 sequuntur
1600 577 1666 602 --,

169 623 243 661 nisi
285 622 390 671 quod
431 623 547 660 etiam
587 623 627 660 in
669 636 706 664 v,
742 623 845 661 1743
888 626 926 661 et
956 624 1209 672 Musgravius,
1251 624 1316 672 qui
1347 623 1428 663 σοῦ
1459 624 1665 672 supplevit,

170 693 208 729 et
237 690 424 729 Matthiae
454 690 581 741 (σῶν)
611 692 824 729 trimetrum
856 694 1073 730 statuerunt
1102 692 1307 741 probatum
1338 692 1558 739 editoribus,
1600 692 1667 740 qui

168 761 209 797 ut
239 759 287 797 de
323 771 365 797 re
405 760 648 808 apertissima
687 759 786 797 nihil
824 761 928 798 ultra
967 761 1235 809 cogitaverint.
1293 760 1504 799 Antecedit
1539 762 1666 798 autem

168 839 304 866 versus
334 828 539 866 iambicus:

771 909 803 913 -.
817 904 850 918 w
863 909 895 913 ,.
911 894 914 928 Ι
931 904 964 918 xa
975 909 1009 913 ,-
1027 909 1053 913 .-
1069 914 1076 926 γ

168 976 342 1025 sequitur
371 976 472 1014 idem
504 977 630 1014 soluta
660 977 784 1026 prima
813 979 946 1026 longa,
976 978 1079 1015 inter
1108 989 1204 1026 quos
1234 980 1311 1016 tres
1343 977 1497 1026 senarii,
1528 978 1666 1026 quales

167 1045 208 1082 in
250 1056 426 1083 sermone
471 1044 720 1092 exhibentur,
765 1046 884 1084 inseri
927 1047 1038 1084 nullo
1083 1045 1197 1084 modo
1236 1049 1408 1094 possunt.
1479 1045 1552 1091 Qui
1591 1046 1666 1083 iam

169 1111 416 1151 multitudine
447 1113 605 1151 insolita
634 1114 675 1150 in
711 1114 970 1163 suspicionem
1001 1116 1199 1152 vocantur.
1259 1113 1336 1152 Sed
1368 1116 1456 1151 ante
1487 1125 1667 1151 numeros

167 1181 253 1230 ipsa
296 1181 414 1219 lectio
461 1180 676 1230 spectanda
721 1181 1037 1230 exquirendaque
1083 1184 1151 1220 est.
1218 1182 1279 1219 Ex
1323 1180 1559 1220 scholiastae
1599 1181 1666 1219 ad-

167 1249 366 1287 notatione
407 1251 512 1287 recte
554 1261 593 1287 se
625 1250 870 1298 supplevisse
902 1250 976 1287 viri
1007 1249 1111 1288 docti
1142 1249 1216 1288 sibi
1246 1252 1532 1299 persuaserunt.
1591 1249 1668 1288 Sed

169 1328 268 1365 quae
309 1317 494 1355 exhibent
533 1317 709 1355 scholia?
768 1319 910 1356 Nonne
946 1318 1059 1356 haec:
1101 1316 1237 1358 α’θλία
1279 1314 1363 1370 εἰμὶ
1405 1313 1533 1358 ἕνεκα
1573 1317 1668 1357 τῶν

168 1383 260 1424 σῶν
289 1383 444 1423 κακῶν
474 1382 549 1424 καὶ
579 1384 672 1424 τῶν
703 1394 786 1425 σου
814 1383 1007 1436 ἀδελφοῦ
1030 1384 1337 1433 Πολυνείκους
1357 1376 1668 1438 ὑβρισμάτωνῬ

167 1453 228 1490 De
249 1451 391 1502 Oedipi
420 1453 538 1501 igitur
568 1454 680 1491 malis
711 1453 805 1491 dicit
835 1453 1048 1492 scholiasta
1078 1456 1116 1492 et
1148 1453 1195 1491 de
1217 1454 1416 1502 Polynicis
1444 1454 1668 1501 sceleribus,

169 1532 331 1570 quorum
361 1522 525 1559 alterum
561 1522 601 1559 in
639 1522 811 1560 lectione
849 1521 994 1560 tradita
1033 1523 1144 1560 nullo
1186 1522 1305 1560 verbo
1337 1524 1668 1562 commemoratur.

167 1589 242 1628 Hic
272 1590 388 1639 igitur
418 1590 498 1628 fere
530 1589 602 1628 fuit
630 1602 782 1629 versus:

576 1688 750 1732 τάλαιν’
778 1686 866 1745 ἐγώ
895 1694 987 1733 σῶν
1017 1690 1208 1733 παθέων

577 1757 799 1814 συγγόνου
830 1753 877 1801 θ’
907 1757 1204 1814 ὑβρισμάτων.

167 1865 213 1902 V.
235 1875 292 1913 sq.
322 1865 480 1903 retineri
510 1867 648 1914 potest,
679 1877 765 1903 cum
797 1863 926 1912 νέκυς
956 1866 1076 1914 longa
1107 1877 1192 1903 cum
1224 1865 1353 1903 vocali
1374 1878 1400 1904 v
1426 1866 1668 1914 pronuntiari

167 1933 299 1982 possit,
329 1936 371 1970 ut
402 1928 560 1985 στάχυς
590 1934 705 1972 Herc.
732 1946 767 1972 v,
790 1934 825 1971 5.
885 1933 998 1980 Quod
1029 1945 1115 1972 cum
1147 1936 1340 1972 corrector
1371 1933 1527 1982 quidam
1558 1934 1667 1982 igno-

167 2003 288 2049 ravet,
320 2003 506 2040 mutatum
535 2002 577 2039 in
608 2001 693 2041 cod.
713 2002 827 2042 Laur.
859 2002 917 2040 in:

624 2087 833 2142 ἄθαπτος
864 2089 1030 2146 οἴχεται
1060 2091 1204 2141 νέκυς.

167 2194 245 2233 Sed
289 2195 329 2233 in
372 2196 516 2245 puerili
559 2196 641 2235 fere
692 2196 849 2235 dicendi
897 2197 1063 2235 ratione:
1114 2189 1162 2243 ὃς
1194 2192 1243 2236 ἐκ
1275 2191 1427 2249 δόμων
1458 2190 1666 2244 ἄθαπτος

168 2260 346 2316 οἴχεται,
378 2255 433 2304 ὃν
462 2259 618 2304 σκότια
649 2264 707 2318 γᾶ
736 2257 928 2317 καλύψω
959 2265 1041 2303 iure
1062 2265 1252 2314 quispiam
1274 2264 1454 2303 haeserit.
1514 2265 1666 2303 Tamen

167 2332 207 2369 in
236 2331 297 2369 his
316 2331 550 2380 Phoenissis,
582 2345 698 2382 quam
728 2332 902 2371 fabulam
922 2345 1058 2382 parum
1089 2335 1267 2371 accurate
1298 2333 1560 2382 conscriptum
1581 2344 1665 2371 esse

167 2400 376 2448 neminem,
423 2401 487 2450 qui
529 2403 678 2439 attento
719 2401 846 2439 animo
887 2401 999 2450 legit,
1043 2400 1158 2450 fugit,
1204 2412 1251 2439 ea
1291 2404 1518 2450 argumenta
1559 2401 1665 2439 haud

167 2468 329 2505 multum
359 2469 505 2506 valent.
564 2468 666 2506 Fieri
696 2471 824 2506 autem
853 2471 991 2518 potest,
1031 2471 1073 2506 ut
1112 2469 1228 2507 etiam
1257 2469 1327 2506 ille
1358 2481 1494 2507 versus
1534 2481 1664 2507 corru-

166 2537 273 2584 ptela
303 2537 436 2585 aliqua
465 2536 632 2585 laboret,
678 2548 764 2574 cum
803 2537 879 2574 iam
919 2548 1039 2586 supra
1078 2549 1114 2586 p.
1149 2537 1200 2574 25
1242 2549 1317 2586 quo
1357 2537 1472 2575 modo
1511 2538 1665 2586 singula

167 2604 339 2642 membra
369 2604 575 2643 videantur
604 2605 853 2655 respondere,
884 2605 1089 2644 attulerim.
1149 2605 1256 2651 Quae
1287 2617 1372 2643 eum
1398 2605 1453 2643 ita
1473 2605 1560 2654 sint,
1591 2618 1663 2655 ego

163 2682 282 2709 unum
312 2673 411 2710 trim.
443 2685 478 2711 v.
504 2673 622 2720 1745,
654 2674 719 2722 qui
750 2685 844 2712 saue
874 2676 1063 2721 cantatur,
1093 2674 1261 2719 retineo;
1291 2685 1390 2722 quae
1417 2673 1664 2722 antecedunt,

170 2740 337 2781 iambica
367 2740 532 2789 fuerunt,
564 2744 657 2790 quot
687 2743 753 2780 aut
784 2742 927 2791 qualia,
958 2741 1169 2780 diiudicare
1200 2753 1278 2780 non
1308 2740 1443 2780 audeo.
