1961 3179
247 183 327 219 316
1647 177 1736 229 [42]

245 297 356 346 pullo
399 307 556 343 cycneo,
597 295 663 343 qui
701 305 785 331 cum
822 305 962 343 parens
993 294 1032 331 in
1062 293 1209 342 aucipis
1239 293 1384 331 retibus
1414 293 1581 342 perierit,
1622 293 1736 330 anxie

246 363 455 402 secundum
485 363 651 400 fluminis
681 363 806 410 ripam
836 362 955 400 currit
985 364 1022 399 et
1051 362 1171 410 patris
1201 361 1388 399 carissimi
1416 373 1557 399 nomen
1577 362 1738 409 vocat.¹)

246 431 455 470 Antecedit
494 431 624 469 brevis
665 430 913 467 exclamatio:
954 426 976 468 ἒ
1004 425 1026 468 ἲ
1055 425 1220 480 δρύπτε
1252 425 1382 481 κάρα,
1425 441 1524 478 quae
1565 428 1739 477 adiungit

246 499 441 537 mesodum
483 497 682 547 strophae,
722 498 762 535 in
801 497 876 535 fine
917 509 1022 535 suam
1063 499 1203 535 sortem
1244 497 1338 535 dicit
1376 498 1536 535 Electra
1576 496 1738 535 eandem

247 579 329 605 esse
361 569 476 615 atque
507 566 630 614 cycni.
691 566 820 603 Prima
860 565 1019 612 syllaba
1057 577 1180 613 usque
1221 565 1348 602 soluta
1387 565 1586 614 ingeniose
1625 565 1740 613 cycni

246 636 503 682 Electraeque
543 635 710 671 animum
752 633 962 671 sollicitum
1004 632 1188 682 depingit,
1227 633 1427 682 ingeniose
1467 634 1582 670 etiam
1612 636 1739 682 poeta,

246 703 311 740 ubi
341 704 498 741 Electra
530 702 576 739 de
607 701 772 751 pulchra
802 702 969 750 imagine
1009 701 1058 738 ad
1089 713 1196 738 suam
1237 701 1496 739 calamitatem
1529 700 1740 749 descendit,

247 772 411 809 celerem
444 773 482 808 et
511 771 719 808 excitatum
750 781 928 807 versuum
959 781 1109 808 cursum
1140 769 1265 807 subito
1286 768 1469 806 retardat.
1526 768 1740 817 Imaginem

246 840 363 888 igitur
394 839 565 877 continet
594 837 774 876 mesodus
804 837 1114 886 pulcherrimam,
1145 849 1223 875 non
1253 837 1373 875 verba
1399 837 1500 884 ἰι-1111,
1530 838 1572 874 ut
1591 837 1740 874 initium

249 907 400 954 cantici,
432 906 536 955 quod
566 907 697 944 iterari
726 908 868 955 potest:

591 1001 628 1047 ὦ
659 1003 765 1061 ἔμβα
798 1004 903 1061 ἔμβα
935 1006 1268 1048 κατακλαίουσα
1298 1008 1392 1047 κτλ.

249 1112 376 1158 Quare
418 1114 483 1150 aut
525 1112 638 1150 homo
678 1112 827 1149 ieiunus
867 1111 1004 1150 fuisset
1034 1111 1250 1160 Euripides,
1290 1123 1368 1148 non
1404 1112 1530 1160 poeta,
1573 1113 1639 1148 aut
1669 1110 1742 1148 sibi

248 1181 323 1229 ipsi
362 1181 518 1218 nimium
558 1180 784 1229 placuisset,
823 1180 855 1217 si
897 1179 1083 1217 eiusmodi
1121 1180 1328 1227 imaginem
1367 1179 1407 1216 in
1447 1178 1523 1216 fine
1552 1179 1742 1217 iterasset.

250 1248 357 1294 Quae
398 1260 483 1286 cum
523 1248 791 1286 Weckleinius
831 1248 1108 1297 suspicaretur,
1152 1247 1287 1285 horum
1333 1249 1547 1296 temporum
1587 1249 1742 1296 poetam

249 1316 424 1364 fortasse,
455 1328 533 1354 non
565 1316 755 1355 Graecum
786 1317 965 1365 respexit.

361 1396 512 1434 Mesodi
541 1396 690 1433 numeri
718 1395 898 1433 facillimi
929 1398 1026 1433 sunt.
1086 1394 1160 1440 Qui
1190 1395 1380 1444 incipiunt
1410 1408 1433 1432 a
1463 1394 1622 1444 dipodia
1652 1407 1742 1432 ana-

249 1465 423 1513 paestica
453 1463 738 1512 (Weckleinius
777 1464 860 1501 sine
900 1464 983 1501 ulla
1024 1475 1141 1501 causa
1179 1459 1369 1515 παρειάν
1408 1463 1561 1512 scripsit
1591 1465 1629 1501 et
1658 1475 1743 1501 cum

250 1533 474 1570 Reizianum
515 1534 700 1570 statueret
736 1533 876 1579 colum,
916 1532 1217 1580 responsionem,
1258 1543 1356 1580 quae
1397 1532 1438 1568 in
1478 1530 1636 1580 dipodia
1676 1534 1743 1580 est,

251 1601 423 1648 delevit).
482 1600 635 1637 Deinde
676 1601 708 1637 si
740 1601 943 1648 Hartungii
985 1601 1243 1638 coniecturam
1281 1611 1539 1648 sequeremur,
1580 1611 1648 1637 sex
1678 1599 1743 1637 de-

253 1671 451 1706 currerent
481 1669 676 1717 glyconei.
737 1669 886 1706 Tamen
916 1669 991 1705 iam
1013 1681 1131 1717 supra
1152 1668 1349 1706 confessus
1370 1680 1452 1705 sum
1474 1679 1534 1705 me
1556 1667 1743 1716 dubitare,

251 1748 381 1774 annon
412 1738 518 1774 recta
549 1736 607 1774 sit.
668 1736 903 1785 Compositio
935 1737 1050 1786 igitur
1080 1736 1177 1775 haec
1208 1739 1280 1774 est:

934 1840 956 1875 2
989 1851 1048 1875 an.

987 1919 1010 1944 a

987 1976 1011 2013 b

933 2045 956 2080 2
989 2043 1108 2081 troch.

988 2112 1012 2149 b

988 2192 1011 2216 a

988 2247 1012 2284 b

368 2384 432 2421 El.
470 2385 557 2421 115.
617 2384 758 2421 Totum
789 2395 955 2431 carmen,
987 2383 1034 2421 de
1066 2383 1172 2421 cuius
1203 2383 1359 2421 mesodo
1391 2383 1504 2421 modo
1537 2382 1746 2432 disputavi-

253 2464 346 2498 mus,
383 2454 424 2489 ut
461 2451 641 2489 monodia
677 2452 728 2502 (v.
750 2463 867 2500 supra
903 2464 937 2500 p.
962 2452 1001 2501 7)
1039 2463 1160 2500 aeque
1191 2452 1442 2500 compositum
1473 2454 1531 2489 est
1551 2463 1596 2489 ac
1616 2453 1748 2500 partes

255 2520 417 2556 solutae.
476 2519 667 2568 Imprimis
707 2520 890 2568 glyconei
930 2530 1014 2556 cum
1045 2518 1305 2567 pherecrateis
1342 2518 1537 2556 coniuncti
1566 2517 1747 2567 aequabi-

254 2587 331 2624 lem
363 2586 532 2624 efficiunt
564 2590 770 2625 metrorum
801 2587 954 2624 fluxum.

371 2710 398 2751 ¹)
424 2708 491 2741 Hic
515 2718 659 2743 sensus:
685 2708 878 2753 Hal-turigii
903 2709 1111 2744 coniectura
1135 2709 1301 2753 speciosa
1327 2708 1475 2753 quidem
1501 2711 1556 2743 est
1582 2702 1747 2752 ἀγκαλεῖ,

257 2763 322 2798 sed
347 2764 407 2798 vix
431 2768 541 2808 recta,
568 2776 648 2799 cum
674 2765 840 2801 subtilior
864 2764 1086 2810 facetiorque
1104 2766 1150 2801 sit
1167 2776 1273 2810 quam
1290 2769 1329 2800 ut
1347 2765 1501 2810 quadret
1517 2764 1563 2800 ad
1579 2764 1749 2808 nativum,

258 2819 434 2864 puerilem
459 2819 534 2856 fere
559 2821 720 2867 leporem
744 2821 920 2867 imaginis.

1947 3172 1961 3179 '.
1944 3006 1961 3164 Kssnm-zo-
1956 2950 1958 2957 -
