1961 3179
260 186 283 223 3
291 189 340 226 52
1662 183 1751 238 [48]

491 348 505 444 Ῑ
556 301 1095 397 ἶῷῗΪ-ῗῖἶῖ
1444 343 1542 448 'ab

836 449 871 453 -
904 449 940 454 ...
973 449 1007 453 ἠ
1042 444 1254 457 ψψ-ψ-
1290 445 1413 457 υ--
1505 434 1528 468 b
1557 433 1720 474 -1-iamb.

367 446 1006 601 83511131111:
1443 451 1547 585 'bb
1644 530 1654 608 ι

492 583 1097 738 {Vm-num
1445 587 1548 695 lab

813 784 1029 798 ψυ-υυ
1063 789 1097 793 -
1131 789 1165 792 -
1504 774 1527 796 x

615 858 648 861 -
677 853 802 866 vv-
904 852 1030 866 -ψψ
1063 857 1097 861 .-
1506 830 1605 875 b(a)

368 903 449 940 840
557 914 573 963 J
616 926 649 929 -
679 922 802 935 νψ-
837 924 871 929 -·
906 921 1030 934 -Ψυ
1064 925 1097 929 “
1484 943 1542 967 aa
1642 885 1655 964 Ι

494 964 505 1044 i
560 964 649 1010 ¹-
679 989 802 1002 W-
837 994 869 997 *
904 989 1029 1002 ‘W
1064 993 1095 997 “

494 1047 507 1126 ι
616 1130 650 1133 -
679 1125 802 1139 υψ-
837 1129 870 1133 m
905 1124 1029 1138 -ψυ
1063 1129 1097 1132 -
1485 1113 1578 1138 cac

263 1254 424 1291 Praeter
455 1254 551 1301 cola,
583 1265 682 1302 quae
713 1254 853 1291 litteris
885 1266 907 1290 a
937 1253 960 1290 b
992 1252 1218 1302 significavi,
1256 1265 1387 1291 omnes
1418 1265 1551 1292 versus
1582 1254 1635 1291 ita
1665 1265 1753 1292 con-

261 1321 400 1358 tinuati
421 1324 520 1369 sunt,
551 1324 592 1359 ut
615 1321 816 1359 confestim
837 1322 880 1368 is,
912 1322 976 1369 qui
997 1321 1180 1369 sequitur,
1202 1322 1247 1369 ei,
1269 1322 1335 1369 qui
1355 1324 1489 1369 antec„
1510 1321 1754 1372 respondeat.

261 1388 403 1427 Omnes
434 1388 514 1427 fere
545 1401 680 1427 versus
712 1389 898 1427 simillimi
928 1392 1025 1427 sunt.

374 1456 481 1502 Quae
522 1457 598 1494 iam
639 1468 756 1506 supra
799 1457 847 1495 de
888 1457 1059 1495 iambicis
1102 1458 1260 1495 canticis
1301 1457 1519 1504 dixerimus,
1559 1457 1624 1495 hic
1665 1469 1755 1495 con-

260 1523 474 1562 firmantur:
507 1536 581 1573 quo
613 1525 734 1573 magis
757 1524 946 1563 adolescit
966 1526 1093 1573 poeta,
1125 1537 1169 1563 eo
1192 1524 1433 1563 artificiosius
1453 1528 1583 1574 partes
1605 1526 1755 1563 solutae

262 1596 553 1641 componuntur.
614 1592 727 1638 Quod
757 1593 901 1630 ultimis
932 1592 1075 1631 fabulis
1105 1593 1300 1642 probatur.

373 1728 468 1778 Iph.
499 1730 601 1767 Aul.
634 1729 726 1766 205.
787 1729 945 1778 Epodus
982 1732 1039 1767 est
1074 1730 1212 1778 parodi
1248 1730 1297 1768 ab
1334 1731 1418 1779 ipso
1449 1730 1633 1780 Euripide
1665 1741 1755 1768 con-

261 1797 426 1845 scriptae
466 1797 503 1834 in
547 1796 631 1846 Iph.
658 1797 751 1836 Aul.
781 1797 877 1844 205,
921 1797 969 1835 ad
1011 1809 1125 1845 quam
1171 1799 1276 1836 aliae
1323 1798 1506 1847 strophae
1545 1801 1633 1848 post
1673 1799 1755 1836 eius

260 1867 421 1902 mortem
462 1865 617 1903 additae
659 1868 756 1904 sunt.
826 1866 940 1904 Hunc
985 1878 1137 1914 quoque
1182 1868 1310 1905 locum
1351 1867 1391 1904 in
1439 1866 1756 1916 antistrophicam

260 1934 449 1971 rationem
479 1933 657 1983 redigere
687 1934 811 1971 voluit
832 1934 1088 1983 Hermannus,
1118 1946 1244 1983 neque
1276 1935 1401 1973 minus
1431 1935 1559 1973 ianem
1588 1935 1757 1984 suscepit

261 2002 435 2040 laborem
467 2014 581 2050 quam
613 2001 811 2040 Seidlerus
843 2014 889 2040 eo
919 2003 1020 2050 loco,
1053 2002 1100 2040 de
1132 2014 1207 2051 quo
1238 2002 1353 2041 modo
1384 2002 1708 2052 disputavimus.¹)

374 2069 474 2107 Satis
516 2069 640 2108 habeo
681 2070 844 2119 primam
882 2071 1021 2108 cantici
1051 2073 1200 2120 partem
1231 2070 1465 2119 adscribere,
1505 2082 1591 2109 cum
1631 2071 1758 2109 altera

265 2148 361 2175 sana
391 2138 454 2175 sit:

603 2189 684 2234 τὸν
716 2191 927 2247 ἰσάνεμόν
959 2192 1004 2235 δὲ
1037 2193 1235 2244 2);ντοδοῖν

603 2259 634 2314 3)
650 2263 800 2302 (θεῖον
816 2272 824 2303 >
867 2258 1232 2317 λαιψηροδρόμον
1263 2261 1477 2318 [Ἀχιλῆα]

376 2373 404 2415 1)
429 2371 485 2406 De
517 2374 595 2406 toto
630 2372 771 2408 cantico
806 2371 851 2407 cf.
876 2372 1017 2408 Wilam.
1054 2372 1316 2418 (Sitzungsber.
1342 2373 1375 2408 d.
1402 2373 1496 2408 Berl.
1521 2370 1643 2408 Akad.
1671 2376 1757 2408 1902

263 2439 296 2471 p.
323 2429 416 2471 867).
463 2428 497 2462 A
534 2439 607 2473 quo
645 2428 776 2474 quibus
812 2429 903 2464 locis
940 2429 1160 2475 dissentiam,
1198 2440 1242 2464 ex
1273 2430 1336 2475 eis,
1368 2440 1459 2474 quae
1484 2433 1672 2476 sequntur,
1707 2430 1758 2465 in-

264 2484 461 2529 tellegitur.

378 2542 407 2586 2)
433 2541 531 2576 Libri
556 2553 602 2576 τε.
651 2542 795 2580 Weckl.
823 2553 889 2578 em.

377 2599 407 2641 ³)
433 2598 577 2642 Αχιλῆα
602 2598 854 2644 interpolatum
881 2610 963 2635 esse
988 2602 1077 2644 puto
1104 2603 1140 2635 et
1163 2603 1268 2635 antea
1293 2599 1455 2635 lacunam
1486 2610 1568 2635 esse
1599 2603 1758 2636 statuen—

264 2653 355 2688 dam.
403 2654 441 2688 Si
464 2658 563 2690 recte
588 2666 644 2690 me
669 2656 898 2700 supplevisse
923 2657 1153 2701 sponderem,
1186 2657 1330 2701 ineptus
1362 2667 1489 2702 essem,
1518 2656 1586 2692 sed
1608 2656 1758 2702 bisylla-

263 2709 349 2743 bum
374 2709 550 2745 eiusmodi
580 2711 732 2746 verbum
767 2712 946 2747 excidisse
979 2713 1133 2747 videtur.
1183 2713 1282 2754 Quae
1312 2723 1357 2748 ex
1389 2713 1468 2757 ipsa
1500 2723 1540 2748 re
1571 2716 1755 2758 apparent,

263 2776 334 2799 non
358 2766 445 2801 solis
462 2768 626 2812 numeris,
644 2768 774 2812 quibus
793 2769 898 2803 etiam
911 2768 1037 2813 Paleyi
1050 2769 1256 2804 coniectura
1269 2769 1380 2804 fertur
1396 2765 1708 2815 λαιψηροδρόμον
1721 2764 1752 2803 τ’

261 2816 384 2866 Ἀχιλῆ
410 2823 558 2867 <;--
573 2824 844 2870 *ij-2204
