1961 3179
318 122 442 160 MAX
471 100 798 169 NIEMEYER,
829 121 1308 171 Verlagsbuchhandlung,
1338 122 1537 161 HALLE
1567 134 1607 164 A.
1629 123 1666 162 S.

187 267 497 310 Dissertationes
530 267 788 320 philologicae
822 267 1040 310 Halenses:

186 396 240 399 -——
271 373 356 410 Vol.
379 373 479 409 XIV.
511 384 601 421 pars
622 373 687 409 IV.
750 373 866 409 1901.
926 373 1018 422 Pag.
1042 372 1274 410 285—415.
1627 373 1683 414 Ab.
1705 376 1786 423 2,—

454 426 587 460 Inhalt:
625 425 847 460 Rudolfus
879 426 1043 471 Ritter,
1079 426 1135 460 De
1167 427 1330 462 Varrone
1362 426 1515 472 Vergilii
1548 428 1584 462 in
1615 429 1785 464 narrandiz

385 471 526 506 urbium
550 471 836 516 populorumque
860 471 984 506 Italiae
1009 471 1205 516 originibus
1230 475 1385 507 auctore.

186 577 238 581 -
269 555 355 592 Vol.
377 555 458 591 XV.
489 566 579 603 pars
599 554 628 591 I.
690 554 807 591 1901.
867 555 958 603 Pag.
984 555 1156 592 1—104.
1620 554 1676 596 Ab.
1706 557 1783 605 3,—

398 647 406 661 )
455 607 585 641 lnhalt:
641 608 855 658 Ernestus
899 607 1092 651 Lippelt,
1144 608 1243 648 Quae
1288 608 1420 643 fuerint
1463 609 1595 644 Justini
1639 610 1783 655 Martyri

385 665 752 733 {cvmrwffi'ggrsi‘g?
785 658 928 697 quaque
963 654 1099 688 ratione
1128 665 1216 700 ,cum
1251 653 1362 689 forma
1397 655 1663 699 evangeliorum
1698 666 1782 701 syro

400 709 494 733 aina
518 709 558 733 co
744 726 750 733 .

31 773 44 792 ⁸
185 804 239 808 —
272 804 322 808 ——
353 793 442 831 pars
473 781 521 818 II.
586 782 701 818 1903.
760 782 852 831 Pag.
879 782 1108 819 105-184,
1628 781 1684 823 Ab.
1706 786 1780 832 2,—

459 834 590 870 Inhalt:
617 835 845 870 Henricus
871 835 1096 880 Trueber‚
1123 835 1178 870 De
1203 836 1335 881 hymno
1354 835 1389 870 in
1406 835 1586 871 Venerem
1604 837 1780 873 Homeric«

185 940 239 946 —-
269 941 322 944 —
353 929 442 967 pars
473 918 541 954 III.
604 919 721 955 1903.
779 919 872 967 Pag.
897 918 1127 956 185—304.
1628 919 1685 960 Ab.
1707 922 1777 968 3,-

455 971 588 1005 Inhalt:
622 972 686 1005 Ru
698 971 856 1006 dolfus
889 971 1104 1016 Ebeling,
1142 971 1197 1006 De
1229 972 1448 1018 tragicorum
1478 975 1665 1017 poetarum
1697 984 1777 1018 grac

387 1027 507 1051 corum
533 1017 679 1052 canticis
703 1017 842 1052 solutis.

186 1123 238 1126 —
272 1123 323 1126 -—
354 1111 443 1149 pars
474 1100 538 1137 IV.
601 1100 719 1137 1905.
778 1100 871 1149 Pag.
894 1100 1125 1138 305—466.
1627 1099 1682 1140 Ab.
1704 1101 1774 1149 4,-

455 1153 588 1187 Inhalt:
614 1153 876 1188 Richardus
902 1153 1148 1199 Lohmann,
1174 1154 1277 1188 Nova
1302 1152 1653 1198 studiaEuripidea.

187 1259 240 1262 -—
271 1237 356 1274 Vol.
379 1237 478 1274 XVI.
510 1248 598 1285 pars
619 1236 646 1273 Ι.
711 1237 828 1274 1902.
887 1237 979 1286 Pag.
1005 1238 1150 1274 1—88.
1631 1234 1687 1278 Ab.
1709 1237 1772 1285 2,4

455 1289 586 1324 Inhalt:
627 1290 735 1324 Seth
767 1291 811 1324 K.
846 1289 1038 1334 Gifford‚
1075 1291 1177 1325 Pauli
1214 1290 1386 1335 epistolas
1423 1300 1493 1335 qua
1528 1289 1642 1326 forma
1670 1290 1772 1335 leger

386 1335 546 1370 Joannes
571 1336 862 1381 chrysostomus.

186 1441 239 1445 -
270 1441 319 1445 —
355 1430 444 1468 pars
475 1419 524 1455 ΙΙ.
587 1419 704 1456 1904.
763 1419 856 1468 Pag.
878 1419 988 1456 89—
1075 1451 1083 1458 .
1631 1415 1688 1458 λά
1708 1418 1771 1465 4,-

456 1471 587 1506 Inhalt:
624 1472 868 1507 Eduardus
905 1472 1091 1516 Turner,
1129 1472 1356 1514 Quaestionis
1392 1471 1536 1506 criticae
1571 1471 1606 1506 in
1642 1471 1769 1506 Platon

389 1517 576 1552 lachetem.
608 1538 651 1543 ——
684 1518 939 1562 Leopoldus
964 1517 1118 1561 Sadee‚
1151 1518 1206 1552 De
1231 1517 1403 1552 Boeotiae
1427 1517 1612 1552 titulorum
1636 1517 1768 1552 dialect

189 1599 467 1641 Geneihliacon
491 1597 761 1651 Go'dinqense.
811 1601 1065 1637 Miscellanea
1086 1599 1327 1649 philologica
1349 1599 1591 1637 inhonorem
1608 1599 1768 1636 seminar

108 1664 125 1713 χ
322 1658 419 1705 regii
460 1656 692 1706 philologici
724 1656 989 1706 Gottingensis
1030 1657 1268 1705 scripserunt
1302 1656 1498 1705 philologi
1529 1655 1767 1705 Gottingens·

126 1714 149 1771 ΧῚῚ
322 1714 459 1750 XXIV.
522 1714 639 1751 1888.
699 1726 754 1762 gr.
776 1714 811 1750 8.
875 1714 951 1750 188
974 1713 1008 1750 S.
1067 1713 1138 1750 Mit
1169 1714 1192 1749 3
1223 1712 1378 1750 Tafeln.
1633 1711 1690 1752 Ab.
1712 1714 1765 1760 7,-

458 1788 588 1823 Inhalt:
614 1790 655 1823 E.
673 1789 834 1833 Bruhn,
860 1789 920 1823 Ad
937 1788 1118 1824 Plutarchi
1135 1789 1290 1824 moralia.
1315 1809 1358 1813 —
1384 1788 1422 1823 0.
1442 1788 1679 1833 Guenther,
1704 1788 1766 1824 Va*

391 1844 488 1868 arum
512 1835 707 1869 lectionum
732 1834 886 1879 capitula
902 1835 985 1869 duo.
1003 1855 1045 1859 —
1070 1834 1112 1870 G.
1131 1834 1341 1878 Wentzffl,
1365 1834 1421 1869 De
1439 1834 1580 1869 duobus
1597 1834 1685 1868 locis
1702 1833 1763 1869 Cal

391 1880 555 1915 niacheis.
581 1901 624 1904 —
648 1881 689 1915 E.
708 1880 864 1923 Sonue,
891 1880 950 1914 Ad
966 1878 1172 1915 Aristotelis
1197 1890 1289 1924 quae
1307 1879 1466 1914 feruntur
1483 1879 1763 1914 Oeconomicoru

390 1926 518 1959 librum
542 1925 587 1959 ΙΙ.
620 1947 664 1950 -
699 1926 741 1959 Ε.
759 1925 913 1969 Bethe‚
945 1926 1122 1960 Ramenta
1151 1925 1425 1970 mythographa.
1457 1944 1501 1949 —
1536 1925 1574 1959 P.
1592 1924 1762 1960 Vierec‘

391 1971 445 2005 De
471 1971 573 2005 titulo
599 1970 760 2006 Cretensi
785 1971 822 2006 C.
840 1971 874 2005 J.
892 1971 933 2006 G.
951 1971 988 2005 II
1004 1970 1086 2005 add.
1105 1973 1188 2005 2561
1202 1971 1235 2006 b.
1263 1991 1303 1994 —
1327 1971 1371 2005 R.
1389 1969 1592 2014 Ausfeld,
1610 1969 1761 2004 Platoni«

168 2014 177 2053 ,s
389 2036 433 2040 —
468 2016 511 2050 A.
530 2017 711 2060 Reuter,
749 2016 977 2052 Oeconomici
1008 2016 1264 2060 Xenophontei
1297 2016 1376 2050 cod.
1402 2014 1725 2061 Guelferbytanum
1751 2018 1760 2046 Ἴ

395 2064 433 2096 19
473 2060 567 2106 Aug.
609 2062 726 2097 denuo
775 2061 937 2096 contulit.
984 2082 1027 2086 —
1073 2061 1106 2096 J.
1136 2062 1366 2105 Petersen,
1413 2061 1593 2095 Arrianea.
1641 2081 1685 2086 —
1730 2058 1759 2095 A

391 2107 711 2150 Badstuebner,
737 2107 975 2142 Coniectanea
995 2107 1198 2141 Annaeana.
1223 2127 1266 2131 -
1290 2107 1328 2141 L.
1347 2106 1514 2148 Weber,
1539 2106 1596 2141 De
1613 2106 1756 2140 Plutarc

390 2152 585 2186 Alexandri
608 2152 727 2197 Magni
751 2152 947 2187 laudatore.
973 2173 1016 2176 —
1040 2152 1078 2186 F.
1097 2152 1260 2197 Hahne‚
1285 2151 1346 2186 Ad
1370 2151 1591 2186 Demetrium
1615 2151 1756 2186 rhetore

391 2217 434 2221 -—
455 2198 508 2232 W.
526 2198 721 2242 Passow,
747 2198 803 2232 De
820 2197 1066 2232 Eratosthenis
1083 2200 1209 2232 aetate.
1228 2218 1271 2223 ——
1296 2197 1334 2232 O.
1352 2197 1482 2240 Kern,
1507 2197 1564 2231 De
1580 2195 1755 2240 Triptole1

392 2246 540 2277 aratore.
557 2263 601 2267 ——
626 2243 667 2278 G.
686 2243 838 2287 Stock,
864 2243 919 2277 De
943 2243 1166 2277 recensenda
1182 2242 1364 2277 Ciceronis
1381 2242 1541 2277 oratione
1559 2251 1666 2286 quam
1681 2241 1750 2276 hab

393 2299 471 2322 cum
497 2289 636 2322 senatui
660 2289 790 2332 gratias
807 2289 889 2333 egit.
908 2309 952 2312 —
975 2289 1008 2323 J.
1027 2287 1245 2332 Graeven,
1270 2287 1362 2322 Tres
1378 2288 1538 2331 picturae
1554 2287 1748 2331 Pompeian

392 2353 436 2357 —-—
460 2333 502 2368 G.
520 2333 734 2377 Wentzel,
759 2334 934 2368 Analecta
957 2333 1159 2368 Faustiana.
1183 2353 1226 2357 —
1251 2333 1514 2377 Epiphyllides.

194 2413 453 2468 (Barnabas),
485 2416 594 2453 Brief
630 2428 680 2453 an
712 2415 773 2453 die
803 2416 988 2453 Heln-aer.
1048 2416 1149 2453 Text
1179 2415 1247 2452 mit
1276 2415 1443 2464 Angabe
1474 2415 1543 2453 der
1572 2414 1752 2463 Rhythm«

327 2472 646 2522 heransgcgeben
662 2485 738 2510 von
755 2472 1168 2510 FriedrichBlass.
1222 2473 1339 2509 1903.
1389 2473 1424 2509 8.
1475 2472 1526 2508 53
1548 2471 1584 2508 S.
1641 2468 1696 2511 A&
1715 2471 1749 2518 1,

195 2561 321 2612 ΒΙὸῙε,
365 2560 579 2612 Friedrich,
620 2563 693 2600 Die
734 2563 1069 2612 Inter-polationen
1108 2563 1149 2599 in
1191 2561 1258 2599 der
1295 2560 1480 2610 Odyssee.
1539 2561 1636 2598 Eine
1666 2560 1750 2598 Unt-

329 2619 514 2668 snchung.
578 2619 696 2657 1904.
755 2621 790 2657 8.
1635 2614 1748 2664 MS,

196 2708 404 2760 Wecklein,
437 2710 492 2760 Ν.,
524 2710 684 2747 Studien
715 2722 782 2747 zur
812 2711 914 2748 llius.
978 2710 1094 2747 1905.
1155 2712 1192 2747 8.
1400 2735 1402 2737 »
1636 2705 1692 2747 A.
1715 2707 1748 2754 1,

673 3002 770 3028 Druck
790 3011 844 3027 von
866 3002 1009 3028 Ehrhardt
1027 3001 1142 3031 Karras,
1161 3001 1246 3026 Hane
1267 3009 1291 3026 a.
1307 3000 1335 3027 S.
