1961 3179
181 238 270 288 [55]
1597 237 1675 275 359

386 351 478 391 591.
791 368 1041 382 -υν-ψ-

757 712 769 757 Ι
797 709 891 751 αἰαῖ
919 708 990 751 ’ἐῖ

389 781 482 819 595.
752 759 1045 813 lew-„-

298 883 489 930 Quattuor
520 886 608 921 sunt
628 882 790 932 periodi,
823 895 985 932 quarum
1007 884 1184 932 singulae
1206 884 1385 921 constant
1405 882 1531 930 quinis
1553 883 1682 920 metris

185 951 433 1000 dochmiacis,
475 963 572 1000 quae
605 952 855 1000 seiunguntur
885 951 985 989 binis
1016 951 1199 988 trimetris
1229 951 1413 988 iambicis.
1473 951 1555 988 Etsi
1585 950 1682 988 hacc

180 1021 256 1058 iam
297 1021 393 1058 mira
434 1023 490 1058 est
522 1020 764 1069 compositio,
811 1021 931 1057 multo
971 1021 1085 1069 plura
1123 1020 1305 1068 cognosci
1345 1021 1515 1068 possunt.
1575 1018 1682 1056 Duas

181 1089 220 1126 in
250 1089 471 1126 universum
504 1088 724 1126 adhibuisse
756 1087 930 1125 videmus
960 1091 1116 1137 poetam
1148 1087 1411 1125 dochmiorum
1442 1086 1600 1125 formas:

184 1263 221 1298 et

185 1419 320 1458 Omnis
354 1420 411 1456 vis
442 1419 569 1467 posita
601 1422 659 1456 est
689 1419 727 1455 in
759 1418 923 1466 prima1)
954 1419 1074 1466 longa
1104 1418 1270 1465 syllaba,
1308 1417 1448 1455 deinde
1479 1417 1518 1453 in
1549 1417 1684 1454 altera.

183 1487 221 1524 Si
252 1487 420 1536 priorem
452 1486 624 1533 formam,
668 1486 707 1523 iu
739 1498 815 1534 qua
845 1487 969 1534 prima
999 1486 1120 1534 longa
1151 1486 1280 1523 soluta
1311 1487 1378 1532 est,
1418 1485 1548 1522 littera
1579 1497 1612 1531 a,
1643 1488 1684 1522 ut

183 1567 335 1604 semper
365 1552 519 1602 faciam,
561 1553 830 1602 significamus,
873 1555 1037 1591 alteram
1079 1555 1210 1591 littera
1240 1553 1275 1600 b,
1317 1553 1493 1601 singulae
1533 1551 1683 1601 periodi

185 1624 287 1662 hanc
319 1623 504 1662 exhibent
534 1622 713 1661 formam:

389 1737 481 1776 571.
703 1737 732 1773 1.
803 1749 826 1774 a
847 1749 870 1774 a
892 1749 915 1774 a

845 1805 870 1842 b

847 1886 870 1910 a

390 1942 484 1980 577.
682 1942 730 1980 II.
849 1953 872 1978 a

825 2009 849 2046 b
871 2009 895 2047 b

827 2089 850 2114 a
871 2089 894 2114 a

392 2145 485 2184 585.
663 2146 731 2183 III.
801 2145 826 2183 b
847 2145 872 2182 b
893 2144 917 2182 b

826 2225 849 2250 a
870 2225 893 2249 a

391 2283 484 2320 591.
662 2282 727 2321 IV.
828 2295 850 2318 a
873 2294 896 2318 a

829 2350 853 2387 b
876 2361 896 2387 c
966 2349 1003 2397 (c
1033 2347 1143 2388 form,
1164 2348 1188 2385 b
1221 2348 1317 2396 sim.)

847 2430 870 2455 a

301 2541 330 2585 ι)
356 2540 463 2582 Quod
488 2540 615 2575 mirum
641 2551 712 2575 non
738 2539 894 2583 videtur,
922 2549 1002 2573 cum
1027 2538 1063 2572 iu
1089 2548 1132 2573 eo
1150 2548 1301 2583 papyro,
1329 2537 1390 2582 qui
1408 2537 1464 2573 Or.
1483 2548 1516 2572 v.
1536 2540 1687 2581 338sqq.

187 2598 356 2642 continet,
391 2597 518 2632 eadem
552 2597 710 2631 dochmii
743 2596 886 2642 syllaba
917 2596 1028 2630 ictum
1060 2594 1202 2638 habeat,
1236 2594 1432 2629 dummodo
1464 2593 1524 2628 illa
1553 2597 1689 2638 puncta

186 2654 331 2689 tandem
372 2653 656 2688 intellexerimus
697 2652 856 2697 syllabas
896 2651 1101 2696 significare
1142 2651 1217 2685 ictu
1259 2654 1431 2685 carentes.
1492 2649 1545 2685 Cf.
1575 2650 1687 2694 Blass,

186 2710 420 2756 Bacchylidis
446 2720 552 2745 carm.
570 2709 683 2754 praef.
701 2721 737 2754 p.
756 2710 784 2744 L
806 2712 842 2744 et
859 2708 965 2752 Weil,
992 2707 1132 2743 Etudes
1154 2710 1250 2742 1902.
1299 2706 1398 2748 Quae
1413 2717 1471 2741 res
1488 2717 1554 2751 per
1571 2707 1689 2741 omnIa

187 2768 327 2802 cantica
351 2767 552 2811 apparebit.
601 2766 738 2810 Aliquo
773 2766 882 2801 modo
913 2768 1033 2800 tamen
1067 2764 1236 2809 equidem
1267 2764 1303 2797 in
1336 2773 1378 2798 eo
1405 2763 1563 2807 offendo,
1589 2762 1689 2808 quod

187 2825 222 2858 in
247 2823 431 2868 Euripidis
464 2823 615 2858 canticis
647 2823 735 2857 nihil
768 2822 844 2858 fere
877 2823 1035 2865 interest,
1069 2825 1186 2856 utrum
1222 2820 1377 2855 ultima
1409 2819 1560 2866 syllaba,
1594 2830 1687 2864 quae

188 2880 314 2918 eadem
339 2880 361 2915 l.
380 2891 410 2915 c.
435 2880 546 2916 ictum
571 2879 692 2925 habet,
719 2879 883 2915 solvatur
906 2889 1030 2914 necne.
