1961 3179
191 192 279 242 [39]
1602 193 1681 230 343

189 307 327 354 Neque
357 305 458 343 enim
489 306 659 354 corrupti
697 308 785 343 sunt
821 316 968 354 versus,
1007 306 1077 344 sed
1117 306 1219 344 haud
1259 310 1364 345 recte
1404 306 1597 345 disiuncti.
1628 329 1683 333 --—

190 374 364 420 Carmen,
405 373 508 422 quod
549 373 753 420 antecedit,
794 372 939 411 eisdem
980 374 1153 412 versibus
1194 375 1443 423 compositum
1484 378 1541 413 est
1573 377 1611 412 et
1641 375 1682 422 is,

190 443 255 490 qui
294 444 440 480 attente
479 442 586 490 legit,
626 453 743 490 saepe
784 452 954 479 consona
994 442 1143 479 invenit
1183 445 1315 482 metra.
1374 443 1524 480 Tamen
1564 454 1612 480 ne
1643 443 1682 480 in

189 509 356 559 strophis
396 509 550 558 quidem
590 513 667 547 tam
708 509 824 547 facile
868 509 1096 547 dirimuntur
1139 511 1294 559 singula
1335 511 1522 558 membra,
1567 523 1682 559 quam

188 578 369 615 videntur
399 590 446 615 ex
477 578 719 625 editionibus,
761 589 860 625 quae
891 578 956 615 vix
996 578 1219 627 discrepant
1259 579 1383 616 altera
1422 590 1506 616 cum
1547 580 1682 617 altera.

187 647 326 695 Neque
357 649 482 684 autem
513 657 627 695 pares
667 648 756 683 sunt
794 657 946 692 versuS,
987 646 1058 685 sed
1099 647 1262 684 consilio
1303 646 1471 694 quodam
1512 648 1682 684 variasse

187 718 279 763 puto
322 717 477 763 poetam
522 717 660 761 metra,
705 716 746 751 ut
790 715 829 751 in
875 715 1024 753 cantico
1065 714 1260 763 strophico
1301 715 1457 752 nimiam
1497 716 1684 763 effugeret

187 783 553 831 aequabilitatem)
612 782 658 818 In
699 782 822 830 epodo
864 785 990 820 autem
1029 786 1241 822 concentus
1281 782 1398 820 facile
1440 783 1684 831 perspicitur.

187 851 306 888 Primi
344 862 481 888 versus
513 849 678 899 epodum
710 849 921 887 adnectunt
951 850 1129 899 strophis,
1170 863 1258 888 nam
1291 853 1453 888 metrum
1482 850 1586 888 idem
1617 853 1684 898 est,

187 931 210 956 a
240 931 315 968 quo
347 918 529 968 strophae
560 919 749 968 incipiunt
780 921 817 956 et
848 930 922 966 quo
953 919 1224 957 terminantur:

393 1021 486 1059 492.
664 1022 767 1070 glyc.
1008 1038 1062 1053 z
1084 1020 1164 1058 452

664 1102 696 1119 <³
709 1108 970 1122 ------
1008 1106 1060 1121 =
1083 1089 1164 1127 453

664 1170 696 1188 e
709 1177 924 1191 -----
1006 1176 1061 1190 z
1083 1158 1175 1196 471.

188 1238 251 1276 Sic
290 1239 409 1287 igitur
444 1239 643 1287 ingeniose
673 1241 788 1287 poeta
819 1238 925 1276 hisce
955 1238 1077 1276 tribus
1109 1237 1283 1275 versibus
1321 1237 1518 1286 stropham
1549 1238 1684 1286 viginti

187 1318 366 1344 versuum
408 1306 519 1355 quasi
558 1307 828 1354 complectitur
868 1309 905 1344 et
947 1305 1086 1344 deinde
1131 1306 1254 1355 primo
1294 1317 1409 1344 versu
1449 1308 1508 1344 ter
1548 1306 1684 1344 iterato

186 1374 386 1424 periodum
419 1374 627 1423 componit:

529 1485 641 1499 ψυυ
671 1484 949 1498 -·--υψ-

545 1553 641 1567 υ-
671 1558 703 1561 -
733 1553 948 1575 &25va—

527 1621 595 1635 W
607 1620 947 1635 vvvvvvvv
972 1603 1054 1653 (311ss
1089 1604 1583 1652 wwvwwlv—xa—P)

186 1695 330 1734 Versus
370 1706 453 1744 sqq.
485 1693 691 1732 admodum
732 1693 913 1732 difficiles
954 1697 1050 1732 sunt.
1117 1695 1254 1743 Neque
1295 1706 1389 1732 vero
1430 1695 1524 1733 licet
1565 1695 1687 1741 nobis,

187 1763 259 1800 etsi
294 1765 416 1800 metra
447 1761 629 1799 videntur
659 1761 834 1809 obscura,
871 1762 1076 1810 quicquam
1117 1764 1276 1809 mutare,
1317 1761 1420 1810 quod
1457 1762 1516 1799 bis
1547 1774 1687 1810 cogno-

188 1832 327 1870 scimus
357 1831 448 1868 bina
479 1832 601 1868 metra
632 1829 768 1867 eadem
799 1841 895 1868 esse.
955 1831 1087 1878 Atque
1118 1827 1382 1878 periculosum
1420 1833 1478 1868 est
1516 1842 1561 1867 ea
1601 1841 1685 1879 per-

186 1900 352 1937 turbare.
412 1899 658 1947 Musgravius
689 1898 729 1934 in
751 1899 870 1936 verbo
893 1896 1116 1951 συρίγγων
1138 1897 1307 1945 offendit,
1339 1898 1408 1936 sed
1430 1898 1505 1936 duo
1526 1899 1687 1947 genitivi

187 1967 279 2006 mihi
315 1980 394 2006 non
430 1967 612 2005 videntur
649 1966 734 2004 duri
764 1978 859 2004 esse.
910 1957 1019 2018 Ῐ-Ιχά,
1051 1966 1155 2015 quod
1186 1966 1452 2005 Weckleinius
1489 1967 1568 2004 alia
1597 1967 1687 2004 Eur.

187 2037 369 2085 exempla
409 2038 563 2074 secutus
600 2035 765 2084 scripsit,
804 2034 878 2073 hoc
914 2035 1002 2073 loco
1034 2035 1188 2072 omnino
1218 2047 1297 2072 non
1326 2036 1526 2073 toleratur.
1585 2036 1685 2073 Nam

188 2104 280 2154 quid
320 2105 393 2143 sibi
430 2105 514 2142 vult
553 2103 643 2142 hoc:
685 2122 945 2135 ------
959 2103 977 2141 ‘?
1047 2103 1177 2142 Verba
1215 2104 1329 2141 immo
1370 2103 1460 2141 inde
1501 2116 1524 2141 a
1564 2101 1687 2143 ναῶν

186 2173 257 2212 hos
288 2174 444 2222 apertos
474 2183 653 2211 numeros
683 2171 888 2221 praebent:

393 2390 484 2428 500.
754 2407 971 2421 --ψψ-
1007 2408 1040 2420 ψ
1074 2412 1108 2416 -

304 2571 329 2614 ¹)
356 2569 408 2605 Cf.
433 2572 499 2604 452
515 2586 555 2598 =
571 2572 635 2603 455
653 2585 692 2598 =
708 2572 772 2603 459
789 2585 828 2597 =
845 2572 908 2603 4653

437 2659 841 2672 υ--υ--ψψ--

437 2726 841 2740 υ--ψ-ψψ-

983 2749 1051 2762 W
1112 2752 1133 2759 x..
1162 2754 1180 2758 -
1268 2749 1301 2762 x)
1335 2748 1403 2762 ψψ

438 2794 840 2808 ψ----ψυ-

881 2771 1385 2881 JV——Q--vv—

437 2862 857 2878 va—vw—-kavv
