1961 3179
178 188 266 249 [31]
1592 191 1672 229 335

179 308 372 346 dominum
414 307 717 356 omnipotentem
763 318 809 344 ea
851 307 967 344 sentit
1006 305 1157 345 efficere
1194 309 1309 355 atque
1349 305 1498 344 laetitia
1539 306 1674 352 elatus,

178 378 311 414 sancto
353 375 483 413 furore
514 376 699 424 impulsus
731 374 915 422 hymnum
948 375 983 411 ei
1014 375 1116 413 dicit.
1176 375 1450 412 Intremiscunt
1485 374 1675 422 religione

177 444 281 493 capti
325 443 545 490 choreutae‚
587 455 713 491 neque
751 454 843 480 vero
886 442 1064 480 delirant.
1124 444 1268 480 Poetae
1310 445 1378 490 est,
1420 443 1596 492 quamvis
1627 442 1676 479 sit

178 512 345 549 excitata
374 523 475 560 pars,
505 514 636 549 tamen
667 522 824 548 servare
854 510 1104 558 harmoniam,
1146 523 1224 559 qua
1266 523 1340 548 una
1382 522 1430 548 ex
1469 510 1556 548 rudi
1594 521 1672 547 ser-

177 591 290 617 mone
322 579 517 617 cotidiano
549 591 704 617 carmen
735 579 907 616 divinum
938 578 978 616 fit
1010 582 1047 617 et
1075 580 1277 617 canticum.
1337 578 1450 624 Quod
1470 578 1675 627 Euripides

177 648 273 685 mira
303 647 469 696 quadam
500 649 582 685 arte
613 646 766 685 efficere
798 647 952 685 studuit.

291 715 409 754 chori
429 716 631 764 canticum,
653 715 756 764 quod
778 715 982 762 antecedit,
1005 727 1052 753 ex
1074 716 1247 754 versibus
1264 715 1405 753 Ionicis
1422 715 1674 763 compositum

178 786 246 830 est,
278 795 373 832 quos
406 787 556 822 constat
587 796 708 833 prope
740 783 926 822 accedere
958 784 1006 822 ad
1038 795 1158 832 genus
1180 784 1395 821 iambicum.
1445 783 1594 832 Epodo,
1626 783 1673 820 de

178 864 253 900 qua
292 854 427 901 postea
469 851 675 890 dicendum
717 853 803 900 erit,
844 852 984 890 deinde
1025 853 1156 901 plures
1192 852 1312 890 iambi
1341 852 1673 898 intermiscentur3

177 932 225 958 ea
256 920 421 969 denique
453 932 562 969 pars,
594 932 707 968 quam
738 923 959 967 tractamus,
990 921 1109 969 plane
1139 920 1221 958 fere
1251 921 1419 958 iambica
1450 922 1518 958 est,

291 988 411 1026 Primi
442 1000 575 1026 versus
606 988 710 1026 haud
741 988 876 1027 faciles
908 991 1004 1029 sunt.
1064 989 1286 1027 Interiectio
1317 987 1559 1027 secernenda
1589 999 1673 1026 esse

176 1055 342 1098 videtur.
401 1056 554 1095 Deinde
585 1056 681 1096 haec
712 1059 944 1106 sequuntur:

743 1156 1097 1191 ww-3W--

697 1236 731 1249 υ
759 1240 793 1244 -
822 1227 921 1259 --Ι
955 1235 989 1249 υ
1018 1239 1142 1244 ———
1182 1217 1331 1266 (versus
1382 1216 1431 1254 ad
1477 1216 1674 1255 dochmios

845 1285 1082 1332 referendus,
1114 1285 1161 1323 cf.
1197 1285 1269 1333 „de
1298 1297 1360 1322 vv.
1383 1284 1674 1335 dochmiacis“).

178 1376 318 1412 Altera
348 1376 513 1423 Dionysi
543 1387 634 1424 pars
665 1376 868 1413 clariorem
900 1377 1014 1413 etiam
1045 1377 1337 1425 responsionem
1368 1377 1546 1425 praebet:

382 1466 474 1502 580.
722 1477 1074 1507 ψψψ-.»ψ--

723 1541 1075 1575 vxjkj—'xdxa——

291 1624 408 1663 Chori
449 1624 725 1675 (coryphaeffl)
765 1637 918 1672 versus,
977 1626 1042 1674 qui
1086 1626 1187 1664 inter
1237 1626 1310 1664 ista
1350 1627 1516 1675 Dionysi
1557 1628 1677 1665 verba

176 1693 324 1741 positus
355 1696 423 1741 est,
454 1705 580 1731 merus
611 1695 856 1731 tetrametrus
887 1696 943 1732 est
975 1695 1248 1741 catalecticus;
1289 1707 1377 1733 nam
1408 1707 1523 1733 unam
1555 1696 1675 1743 sylla-

178 1761 266 1798 bam
306 1760 496 1799 excidisse
527 1761 771 1799 Hermannus
809 1763 891 1800 sine
930 1761 1045 1800 dubio
1076 1766 1182 1801 recte
1214 1764 1406 1812 cognovit.
1465 1765 1589 1801 Etiam
1621 1765 1677 1801 al-

177 1829 294 1867 terius
327 1828 436 1867 chori
466 1830 587 1879 partis
617 1830 762 1879 primus
792 1842 938 1878 versus,
969 1833 1012 1868 ut
1041 1831 1216 1878 traditur,
1246 1832 1402 1870 recitari
1432 1844 1510 1870 non
1539 1836 1678 1881 potest.

177 1897 258 1934 Iam
276 1897 437 1935 Bothius
455 1901 600 1936 rectum
618 1899 811 1947 cognovit,
829 1910 915 1936 cum
932 1899 1097 1937 alterum
1115 1897 1310 1939 δέσποτα
1328 1900 1486 1938 deleret.
1517 1901 1678 1938 Numeri

177 1966 294 2015 igitur
325 1967 379 2004 sic
411 1966 639 2004 decurrunt:

597 2077 710 2090 ww
739 2082 773 2085 —
805 2067 809 2100 Ι
843 2082 875 2085 -
921 2077 955 2091 υ
1002 2071 1033 2088 C

597 2146 710 2159 νυ»)
739 2151 771 2155 -
806 2136 893 2170 'Qu
922 2146 956 2160 υ
1001 2151 1035 2155 .-

597 2215 772 2228 υψυ-
806 2205 893 2239 'xjv
922 2215 956 2228 υ
985 2215 1053 2228 W
1082 2215 1116 2228 υ

382 2265 475 2302 585.
545 2283 579 2296 υ
608 2288 641 2291 -
671 2275 814 2307 uuna}
847 2284 881 2298 ψ
910 2285 978 2298 W
1007 2285 1041 2298 ψ
1077 2289 1108 2293 .-

656 2326 682 2373 ἆ
716 2327 742 2373 ἆ

178 2491 346 2530 Ultimus
375 2503 509 2531 versus
540 2493 750 2542 respondet
779 2496 1003 2532 tetrametro
1034 2493 1156 2532 troch.
1180 2494 1259 2531 579
1293 2496 1331 2531 et
1356 2496 1492 2543 postea
1519 2507 1554 2534 v,
1578 2494 1675 2532 591:

208 2575 424 2635 διάδρομα
455 2579 559 2624 τάδε
589 2580 782 2637 Βρόμιος
813 2580 999 2636 ἅλάλαξε
1030 2584 1109 2632 τᾶς
1139 2585 1326 2634 (Dobree)
1359 2583 1515 2637 στέγας
1546 2581 1646 2635 ἔσω,

501 2684 1342 2719 υνυυψυιυυυ-υι-υ-υι-υ-

176 2765 276 2803 Tres
306 2777 453 2813 versus,
494 2767 560 2815 qui
599 2767 659 2805 his
689 2769 922 2807 tetrametris
957 2767 1219 2816 includuntur,
1259 2769 1298 2806 in
1340 2780 1382 2808 se
1422 2770 1585 2819 quisque
1616 2782 1675 2809 re-

177 2833 425 2882 sponsionem
455 2833 616 2873 habent:
