1961 3179
178 150 238 202 [⁷]
1593 152 1672 190 311

290 264 372 302 Iam
411 275 528 314 supra
567 263 648 302 dixi
688 264 888 302 nonnullis
932 264 1030 302 locis
1075 265 1252 314 regulam
1297 265 1460 303 consilio
1506 264 1674 314 quodam

176 332 345 382 neglegi.
414 332 560 378 Quibus
604 332 644 369 in
688 330 862 381 partibus
903 342 1000 380 quas
1041 343 1176 370 causas
1215 332 1395 371 habuerit
1435 336 1561 382 poeta,
1604 334 1675 371 erit

177 399 470 450 exquirendum.

290 467 485 506 Summum
515 470 643 506 autem
674 470 731 506 est
762 467 865 516 quod
886 468 1002 506 etiam
1023 468 1064 505 in
1084 467 1157 506 hac
1180 468 1448 507 dissertatione
1470 481 1674 519 possumus

176 536 330 583 sentire,
371 537 480 585 quasi
520 537 660 574 nostris
699 536 871 585 ipsorum
902 535 1036 574 videre
1069 537 1210 584 oculis,
1252 537 1444 586 quomodo
1474 537 1675 576 adolescat

174 607 303 654 poeta,
345 616 445 654 quae
482 616 607 643 novae
646 616 708 642 res
749 604 916 642 animum
948 605 1028 642 eius
1059 609 1337 652 commoveant,
1375 609 1417 643 ut
1451 606 1675 655 tragoediae

176 673 319 711 veteris
361 676 483 711 artem
522 672 585 710 hic
625 672 778 710 studeat
818 672 1024 710 emendare
1063 676 1100 711 et
1140 674 1333 720 excolere,
1372 674 1457 712 iJch
1491 675 1674 723 pristinas

175 743 398 779 contemnat
426 741 549 790 leges,
581 742 725 790 quippe
757 753 857 789 quae
889 742 1014 779 animo
1048 742 1128 779 eius
1149 742 1366 791 impatienti
1387 743 1507 780 alieni
1528 743 1676 781 arbitrii

174 821 254 848 non
284 810 360 847 iam
398 809 609 847 videantur
637 809 877 849 tolerabiles,
948 809 1239 858 Cognoscimus,
1284 813 1325 847 ut
1369 811 1464 849 artis
1505 811 1673 849 musicae

174 878 300 927 gratia
328 878 492 927 pristina
521 878 684 916 tollatur
714 878 905 926 abeatque
932 879 1162 927 simplicitas
1183 881 1221 916 et
1242 878 1454 925 sinceritas,
1484 882 1527 916 ut
1547 878 1675 926 dithy-

173 945 393 984 ramborum
430 958 502 993 ars,
544 957 659 995 quam
690 946 863 984 Blassius
895 946 936 993 (l.
959 947 1005 994 c.)
1045 948 1124 983 tam
1153 949 1259 983 recte
1298 946 1520 993 illustravit,
1561 958 1675 995 quam

174 1025 276 1052 nunc
316 1014 432 1052 etiam
462 1013 657 1052 Timothei
695 1015 780 1063 ipsa
819 1013 1036 1062 fragmenta
1072 1013 1290 1060 ostendunt,
1332 1013 1492 1051 invadat
1528 1014 1569 1051 in
1598 1017 1675 1052 tra-

174 1081 363 1131 goediam,
404 1085 445 1120 ut
476 1083 615 1120 sensim
647 1086 684 1121 et
714 1082 952 1131 pedetentim
991 1081 1152 1120 liberius
1193 1085 1474 1131 componantur
1514 1083 1675 1129 cantica,

173 1153 348 1189 veterum
392 1151 652 1200 aequabilitas
698 1151 874 1199 quamvis
918 1162 997 1188 non
1045 1153 1194 1199 pereat,
1244 1153 1375 1188 tamen
1419 1149 1675 1188 deminuatur.

173 1219 234 1257 De
264 1219 324 1257 his
353 1219 469 1257 rebus
498 1222 646 1268 postea.
677 1241 734 1246 —

287 1288 347 1325 Ex
376 1287 461 1336 ipsa
495 1298 538 1325 re
574 1288 756 1336 sequitur,
797 1290 839 1324 ut
878 1286 1062 1333 versibus,
1104 1287 1170 1336 qui
1211 1273 1259 1324 ex·
1297 1285 1433 1325 iisdem
1474 1287 1677 1337 compositi

173 1358 263 1394 sunt
292 1356 506 1403 elementis,
536 1368 607 1405 per
634 1367 675 1394 se
697 1355 789 1393 insit
810 1356 1078 1404 congruentia:
1110 1355 1297 1394 iambicus
1319 1355 1504 1394 dimetrus
1525 1367 1677 1406 semper

172 1425 214 1462 in
244 1424 340 1463 duos
370 1427 630 1463 monometros
662 1423 784 1462 dividi
803 1427 943 1473 potest,
974 1426 1016 1462 ut
1036 1425 1163 1462 altera
1183 1435 1274 1473 pars
1296 1425 1411 1462 alteri
1430 1423 1676 1474 respondeat.

173 1493 236 1531 Sic
264 1493 451 1543 imprimis
482 1493 684 1542 anapaesti
712 1491 818 1530 haud
838 1503 927 1530 raro
950 1496 1231 1541 componuntur
1250 1504 1378 1541 neque
1400 1496 1505 1531 certa
1526 1494 1676 1531 ratione

173 1562 377 1611 quisquam
412 1561 553 1600 audeat
593 1561 771 1600 dirimere
802 1573 947 1609 versus,
986 1561 1215 1610 praesertim
1245 1572 1331 1599 cum
1362 1564 1512 1599 constet
1540 1565 1676 1611 poetas

172 1631 278 1680 ipsos
318 1631 409 1669 cola
450 1642 531 1668 non
561 1630 770 1679 separatim
802 1630 1015 1679 scripsisse.
1074 1629 1236 1678 Singula
1275 1632 1398 1667 metra
1428 1629 1676 1679 respondent,

172 1698 248 1737 hoc
292 1699 385 1737 satis
428 1702 498 1738 est.
566 1699 718 1737 Tamen
761 1701 878 1748 poeta
927 1698 1080 1748 saepius
1127 1698 1242 1736 etiam
1288 1698 1507 1736 accuratius
1552 1699 1678 1737 voluit

173 1770 296 1806 metra
334 1767 583 1817 respondere,
625 1778 709 1805 cum
751 1766 931 1815 syllabae
970 1765 1194 1816 productae,
1236 1767 1405 1814 solutae,
1446 1778 1677 1816 suppressae

173 1835 334 1875 eaedem
371 1836 458 1874 sint.
516 1836 684 1874 Mam'me
725 1835 766 1873 id
805 1836 847 1872 in
887 1835 1120 1873 carminibus
1161 1834 1399 1873 dochmiacis
1429 1836 1676 1885 perspicuum

174 1907 242 1953 est,
274 1916 373 1954 quae
403 1916 551 1942 summa
581 1904 797 1953 composita
828 1906 917 1942 sunt
947 1906 1029 1942 arte
1060 1915 1187 1952 neque
1217 1907 1296 1941 tam
1321 1903 1530 1951 incondite,
1562 1915 1677 1952 quam

173 1973 342 2013 editores
371 1975 565 2023 putarunt.

286 2043 578 2091 Nonnunquam
618 2041 734 2079 etiam
775 2041 945 2079 carmina
990 2039 1187 2090 strophica
1232 2037 1436 2092 (imprimis
1475 2040 1677 2079 monodias

174 2113 213 2150 et
241 2111 334 2159 sim„
377 2121 477 2159 quae-
508 2121 631 2160 prope
663 2108 855 2147 accedunt
886 2108 936 2146 ad
967 2109 1180 2147 solutorum
1218 2108 1423 2157 rationem)
1462 2111 1677 2158 pertracta-

171 2179 314 2226 bimus;
344 2190 472 2227 neque
504 2178 606 2216 enim
638 2178 763 2216 solum
793 2177 834 2215 in
864 2177 1024 2216 canticis
1061 2177 1198 2214 solutis
1230 2176 1507 2226 componendis
1537 2180 1677 2226 poetae

173 2248 265 2286 illas
304 2248 415 2296 leges
455 2247 577 2285 secuti
616 2249 715 2294 sunt,
756 2245 826 2284 sed
867 2246 1055 2295 paulatim
1094 2257 1163 2283 eae
1203 2245 1319 2283 etiam
1346 2245 1388 2282 in
1419 2245 1517 2283 alias
1546 2248 1677 2294 partes

172 2316 413 2365 irrepserunt
441 2337 499 2342 —
529 2327 575 2353 eo
605 2314 856 2363 frequentius,
900 2326 976 2362 quo
1008 2312 1250 2352 artificiosius
1282 2316 1564 2362 componuntur
1594 2325 1677 2351 car-

173 2384 287 2422 mina.
348 2382 472 2430 Quam
500 2394 582 2421 rem
612 2382 932 2420 Wilamowitzius
975 2382 1118 2431 optime
1157 2382 1369 2419 iflustravit
1399 2381 1439 2418 in
1469 2381 1583 2419 Herc.
1603 2381 1676 2428 112,

173 2465 210 2502 p.
231 2454 284 2491 82
298 2464 354 2502 sq.
376 2455 414 2490 et
446 2453 539 2499 166,
585 2453 656 2490 etsi
698 2452 811 2489 illam
843 2451 1144 2489 concinnitatem
1175 2461 1224 2487 ex
1254 2450 1416 2488 canticis
1447 2449 1677 2499 astrophicis

173 2521 330 2559 fluxisse
362 2532 448 2559 eum
478 2519 587 2570 fugit,
621 2532 707 2558 cum
739 2531 869 2558 eorum
892 2519 1208 2567 compositionem
1229 2530 1307 2555 non
1326 2518 1602 2567 perspexisset.
1622 2541 1679 2546 —

287 2589 393 2627 Fieri
421 2601 500 2627 non
530 2592 669 2638 potest,
704 2590 746 2625 ut
777 2588 952 2636 singulas
983 2586 1167 2635 deinceps
1202 2585 1356 2624 fabulas
1386 2588 1677 2635 pertractemus,

175 2669 261 2696 cum
291 2657 345 2695 sic
375 2669 454 2695 non
485 2657 612 2694 omnia
644 2656 712 2694 sub
742 2667 860 2693 unum
892 2658 1091 2704 aspectum
1123 2655 1396 2701 subiceremus,
1437 2654 1506 2692 sed
1538 2655 1679 2693 similia

177 2728 215 2764 et
245 2725 452 2763 coniuncta
483 2724 758 2763 dirimeremus.
817 2724 938 2761 Immo
979 2726 1185 2761 metrorum
1218 2734 1341 2771 genus
1372 2733 1588 2771 sequamur,
1629 2722 1678 2761 de

173 2793 314 2832 iisdem
351 2793 484 2832 metris
523 2792 758 2831 coniunctim
798 2792 1041 2831 disseramus.
1112 2791 1202 2829 Non
1240 2791 1377 2841 ignoro
1417 2790 1524 2829 haud
1561 2790 1678 2830 facile
