1961 3179
156 255 272 308 [119]
1562 253 1647 295 423

428 388 483 405 Ξ
529 378 1083 413 υυυυυυψιψυψυυυ
1118 388 1322 403 υψυυ-

157 498 225 526 seu
255 486 379 525 altero
411 483 458 525 δὲ
489 485 635 525 deleto:

551 606 584 621 υ
619 596 831 630 manuvea]
847 605 1084 620 υυυυυ
1100 596 1323 629 {vovu—

153 691 352 730 Eiusmodi
392 702 546 729 versum
585 702 697 729 nemo
737 690 967 729 histrionum
1007 691 1158 728 locutus
1199 692 1256 728 est
1290 701 1416 739 neque
1447 689 1650 738 quisquam

153 762 353 809 poetarum
384 759 618 798 Graecorum
657 759 696 796 in
732 758 955 808 tragoediae
995 758 1152 806 dialogo
1192 757 1312 797 finxit.
1379 757 1517 805 Neque
1556 768 1651 794 vero

153 829 346 867 senarium
376 828 577 866 restituere
608 828 790 876 cogimur,
830 828 904 865 nisi
933 828 1121 865 rationem
1161 825 1496 875 antistrophicam,
1537 837 1651 874 quam

153 896 351 935 Seidlerus
393 896 590 945 aperuisse
631 895 703 933 sibi
742 895 958 943 videbatur,
997 894 1205 933 tenendam
1246 896 1434 943 putamus.
1503 893 1652 942 Integri

152 976 286 1003 versus
317 964 544 1012 dochmiaci,
586 976 672 1002 cum
701 963 812 1002 libris
841 963 1053 1011 tradantur,
1093 962 1286 1001 retinendi
1315 961 1497 1000 videntur
1525 973 1652 1010 neque

152 1045 245 1072 vero
274 1031 402 1071 Oresti
431 1032 637 1071 tribuendi.
696 1033 796 1070 Nam
828 1031 948 1070 valde
978 1032 1095 1070 miror
1125 1031 1229 1069 viros
1261 1030 1395 1068 doctos
1425 1042 1504 1068 non
1533 1030 1574 1066 in
1605 1040 1651 1067 eo

152 1101 337 1149 haesisse,
358 1100 463 1149 quod
484 1101 559 1139 hoc
579 1112 655 1139 uno
678 1101 777 1149 loco,
799 1112 874 1149 quo
896 1100 1056 1138 alterius
1078 1100 1231 1148 generis
1252 1110 1387 1137 versus
1408 1099 1651 1136 intermixtus

151 1169 315 1218 videtur,
346 1169 475 1209 Oresti
504 1172 582 1207 tres
611 1180 748 1206 versus
778 1169 1061 1215 continuantur,
1092 1167 1253 1215 reliquis
1279 1178 1388 1214 unus,
1420 1167 1542 1204 semel
1564 1165 1651 1204 duo.

152 1237 281 1283 Quare
320 1250 356 1275 v.
387 1238 468 1275 832
509 1237 736 1286 Iphigeniae
777 1236 1004 1274 tribuendus
1051 1239 1108 1274 est
1148 1238 1265 1283 atque
1304 1234 1497 1272 sententia
1533 1234 1649 1271 inter-

151 1308 266 1355 rupta
303 1308 341 1343 et
371 1306 419 1344 ab
450 1304 588 1344 Oreste
631 1305 853 1343 continuata
893 1305 1036 1354 optime
1077 1303 1245 1353 quadrat
1283 1302 1334 1341 ad
1373 1303 1489 1340 totius
1531 1302 1651 1351 partis

151 1374 341 1412 rationem
372 1373 436 1423 (cf.
457 1374 539 1411 865
554 1374 638 1422 sq.).

264 1453 312 1490 In
343 1453 486 1491 ultimis
508 1452 704 1501 Euripidis
734 1452 878 1490 fabulis
910 1452 1054 1501 quippe
1085 1451 1291 1489 liberrimis
1312 1451 1352 1488 in
1374 1450 1650 1499 compositione

151 1522 263 1558 nulla
293 1523 351 1559 est
373 1532 474 1570 pars,
504 1521 543 1558 in
565 1533 641 1569 qua
660 1523 738 1558 tam
770 1521 878 1558 clare
909 1520 1022 1557 alteri
1051 1531 1243 1568 personae
1270 1530 1404 1557 versus
1425 1518 1653 1565 tribuantur,

151 1590 226 1627 nisi
254 1589 396 1628 Bacch.
421 1590 528 1627 1032
541 1600 636 1639 sqq,
667 1589 733 1626 ubi
763 1589 919 1626 nuntius
948 1588 1132 1637 loquitur,
1164 1587 1304 1626 chorus
1336 1589 1477 1625 cantat.

266 1668 452 1708 Omnibus
482 1669 592 1716 locis,
623 1680 719 1718 quos
749 1668 862 1707 modo
893 1668 1210 1715 enumeravimus,
1240 1667 1403 1705 trimetri
1429 1667 1543 1704 etiam
1565 1678 1649 1715 per-

151 1739 281 1777 multis
312 1739 477 1787 syllabis
506 1738 704 1788 productis
735 1738 785 1777 ad
815 1738 965 1787 dialogi
995 1738 1166 1776 senarios
1196 1748 1319 1787 prope
1349 1735 1551 1774 accedunt.

861 1919 950 1970 §a

264 2013 346 2049 Iam
377 2011 426 2049 ad
457 2014 593 2050 cantus
623 2012 795 2049 alternos
835 2012 873 2049 et
912 2009 1111 2048 monodias
1152 2008 1390 2048 accedamus.
1448 2008 1581 2056 Atque
1609 2007 1650 2045 id

152 2091 295 2130 quaeso
326 2082 526 2118 teneamus
556 2079 877 2118 verisimillimum
910 2090 994 2116 esse
1034 2089 1251 2127 personam,
1294 2088 1394 2126 quae
1432 2076 1650 2125 longiorem

152 2149 322 2197 aliquam
351 2151 502 2198 partem
543 2150 669 2195 canat,
711 2147 839 2185 omnia
879 2149 1046 2195 cantare,
1086 2146 1233 2183 etiamsi
1274 2156 1409 2183 versus
1449 2144 1550 2182 forte
1593 2146 1651 2182 est

150 2217 345 2255 trimetrus
387 2216 584 2263 iambicus,
625 2216 699 2253 nisi
739 2216 825 2265 ipsa
855 2226 990 2253 versus
1022 2214 1300 2263 compositione
1330 2212 1567 2260 adducimur,
1609 2215 1651 2249 ut

152 2296 373 2334 separemus
413 2296 500 2323 eum
532 2296 552 2322 e
584 2287 700 2322 cantu
734 2284 870 2332 lyrico.
930 2282 1057 2328 Quare
1098 2282 1146 2320 ab
1188 2282 1240 2320 eis
1281 2281 1512 2330 incipiamus
1542 2280 1649 2328 locis,

152 2353 291 2402 quibus
322 2353 514 2391 trimetros
545 2352 760 2391 videbimus
792 2354 968 2390 cantatos
999 2350 1126 2389 fuisse.

265 2489 396 2539 Hippi
431 2490 522 2528 368.
595 2490 710 2538 Hipp.
739 2489 837 2536 368,
880 2489 959 2525 372
991 2505 1046 2520 Ξ
1078 2487 1176 2536 675,
1218 2487 1310 2524 678.
1384 2484 1551 2534 Stropha
1591 2488 1649 2523 est

153 2557 261 2596 chori
309 2558 518 2606 canticum,
573 2556 835 2606 antistrophus
884 2555 1097 2595 Phaedrae.
1171 2555 1314 2593 Versus
1370 2556 1460 2591 sunt
1508 2554 1648 2602 integri

152 2624 321 2664 dochmii
359 2628 514 2675 praeter
553 2625 648 2663 duos
683 2625 776 2663 illos
805 2625 1007 2662 trimetros.
1069 2623 1237 2669 Quorum
1277 2622 1492 2660 sententiae
1521 2624 1647 2660 utrum

150 2694 205 2731 ita
236 2693 482 2742 cohaereant,
513 2696 554 2731 ut
584 2693 734 2742 seiungi
764 2704 842 2730 non
870 2692 1030 2742 possint,
1060 2703 1195 2740 necne,
1225 2691 1291 2728 vix
1321 2692 1425 2729 certe
1446 2689 1648 2728 diiudicari

151 2764 277 2811 potest
318 2764 357 2800 et
395 2762 508 2799 nimis
552 2762 592 2799 in
633 2761 791 2800 arbitrio
836 2761 1013 2810 positum.
1081 2761 1319 2798 Momentum
1360 2760 1486 2796 autem
1526 2758 1647 2806 affert,

153 2830 258 2878 quod
292 2841 481 2878 nusquam
516 2830 603 2867 ulla
642 2829 798 2878 syllaba
838 2827 1030 2878 producta
1069 2831 1141 2876 est,
1182 2839 1281 2876 quae
1319 2838 1382 2865 res
1422 2826 1529 2864 casui
1568 2837 1647 2864 non

151 2899 280 2948 potest
308 2897 437 2936 tribui.
495 2897 583 2935 Huc
618 2896 779 2945 accedit,
817 2896 920 2947 quod
951 2897 1064 2935 etiam
1096 2907 1257 2934 caesura
1284 2895 1483 2944 utriusque
1512 2904 1646 2932 versus
