1961 3179
165 141 282 191 [133]
1577 140 1656 178 437

162 255 240 292 iras
279 253 361 293 fero
403 253 560 292 deorum
608 266 655 292 ex
701 255 817 304 culpa
863 254 1060 292 cuiusdam
1100 254 1319 292 maiorum.·‘
1392 253 1490 292 Satis
1531 252 1657 291 habeo

162 322 283 371 ipsius
313 324 450 371 poetae
482 322 601 360 verba
631 321 793 360 reddere
826 334 952 371 neque
994 323 1096 359 ultra
1135 324 1227 371 puio
1268 321 1395 360 verbis
1437 333 1530 370 opus
1562 333 1657 359 esse.

162 390 262 428 Nam
295 390 378 439 quis
410 392 476 437 est,
508 390 601 437 quin
633 389 930 439 discrepantiam
963 390 1118 428 videat‘.>

275 470 424 507 Tamen
466 469 580 507 etiam
621 469 904 519 antistrophum
945 469 1173 517 dissolvam,
1216 469 1360 518 quippe
1398 480 1495 517 quae
1537 469 1657 506 multo

162 537 276 575 etiam
308 538 451 575 clarius
483 549 528 575 ea
557 538 706 575 ratione
738 537 991 576 discindatur:

279 616 411 665 „Quae
443 619 500 654 est
531 617 600 654 sub
631 619 749 663 terra,
793 629 875 654 eam
907 618 1014 664 volo,
1056 628 1155 664 quae
1186 618 1243 654 est
1274 615 1343 653 sub
1379 618 1482 653 terra
1517 616 1656 665 caligo,

161 696 246 722 eam
285 684 460 722 habitare
502 684 670 722 tenebris
710 687 879 722 mortuus
921 685 1035 722 miser
1066 696 1149 732 ego,
1186 706 1237 711 -
1271 695 1356 721 cum
1386 686 1452 721 tua
1481 684 1657 732 privatus

160 752 230 790 sim
261 753 458 790 carissima
489 751 780 800 consuetudine,
810 752 1015 801 perdidisti
1038 752 1140 790 enim
1161 752 1281 800 magis
1303 763 1417 799 quam
1438 751 1586 800 periisti
1601 773 1657 779 —

161 821 315 867 qualem
348 819 502 857 audiam
533 822 674 857 sortem
707 819 967 858 mortiferam?
998 820 1112 867 unde,
1143 831 1164 857 o
1186 831 1293 866 uxor,
1325 818 1374 856 ad
1395 821 1500 856 tuum
1523 849 1530 857 .
1553 848 1560 856 .
1583 849 1590 858 .
1613 820 1656 868 .¹)

160 888 324 925 accessit
355 887 550 925 animum?
581 910 636 915 —-
667 888 901 925 Enuntietne
930 888 1024 935 quis,
1056 899 1154 935 quae
1186 886 1289 924 facta
1319 887 1404 933 sint,
1437 899 1486 924 an
1516 886 1657 925 frustra

158 956 314 1002 tyranni
345 955 461 993 aedes
499 956 700 993 continent
740 967 938 993 servorum
980 966 1151 992 meorum
1193 954 1415 992 catervam?
1447 976 1501 981 —
1532 953 1563 992 O
1595 967 1655 992 me

158 1024 350 1070 miserum,
392 1035 413 1061 0
453 1035 513 1061 me
554 1026 620 1060 tua
660 1026 781 1061 morte
823 1023 1090 1070 miserandum,
1131 1024 1287 1070 qualem
1330 1022 1464 1070 aspexi
1504 1022 1655 1070 generis

157 1092 232 1129 mci
262 1092 427 1129 luctum!
469 1113 524 1120 --
556 1103 669 1139 quem
702 1103 773 1129 nec
814 1090 915 1128 ferre
955 1102 1113 1139 possum
1154 1102 1226 1128 nec
1267 1089 1396 1127 verbis
1427 1090 1654 1138 exprimere.

157 1160 277 1197 Immo
308 1160 418 1208 perii.
477 1160 618 1197 Inanes
649 1159 775 1206 aedes,
807 1159 922 1196 etiam
952 1158 1067 1196 liberi
1099 1159 1182 1196 orbi
1212 1157 1302 1195 facti
1335 1160 1434 1195 sunt.
1466 1179 1518 1184 —-
1549 1158 1652 1195 Reli-

158 1228 284 1275 quisti,
329 1228 524 1275 reliquisti
552 1238 629 1273 me,
672 1239 694 1264 o
725 1238 815 1265 cara
847 1230 884 1264 et
924 1226 1150 1264 feminarum
1190 1226 1351 1274 optima,
1397 1228 1654 1274 quotcumque

157 1295 264 1333 videt
293 1295 385 1333 solis
418 1294 605 1344 splendor
636 1297 673 1332 et
704 1294 828 1332 noctis
859 1295 961 1331 nitor
992 1294 1103 1331 astris
1134 1294 1334 1331 illustris.“

271 1375 437 1412 Maxime
471 1386 626 1423 operam
658 1373 758 1421 dedi,
799 1375 841 1410 ut
871 1375 1008 1422 poetae
1045 1373 1234 1410 rationem
1273 1372 1486 1421 redderem,
1528 1375 1566 1410 et
1605 1384 1653 1410 ne

158 1442 332 1480 ordinem
365 1441 521 1491 quidem
551 1443 757 1480 verborum
780 1453 895 1490 saepe
918 1453 1031 1479 ausus
1053 1452 1132 1478 sum
1156 1443 1313 1488 mutare,
1345 1453 1457 1489 quem
1478 1441 1653 1479 videmus

155 1510 194 1547 in
224 1510 399 1548 versibus
431 1510 667 1549 dochmiacis
699 1510 938 1548 liberrimum
971 1521 1065 1557 esse,
1096 1509 1135 1546 in
1167 1509 1328 1546 senariis
1360 1511 1486 1547 autem
1519 1509 1654 1546 eodem

155 1578 269 1616 modo
301 1590 376 1627 quo
406 1579 446 1615 in
477 1578 651 1616 diverbio
684 1578 973 1616 conformatum.
1033 1578 1178 1615 Versus
1221 1576 1437 1615 dochmiaci
1473 1577 1653 1615 brevibus

155 1646 520 1693 exclamationibus,
565 1646 720 1684 maestis
766 1646 952 1694 querelis,
998 1646 1109 1682 nulla
1154 1644 1235 1682 fere
1276 1645 1470 1694 particula
1509 1645 1654 1683 inserta

153 1714 277 1763 ipsum
315 1714 507 1752 canticum
545 1715 716 1763 explent,
754 1714 915 1752 trimetri
956 1713 1110 1752 iambici
1141 1712 1350 1751 abhorrent
1380 1713 1427 1750 ab
1460 1713 1654 1762 Euripidis

154 1783 319 1829 ratione,
366 1794 442 1830 qua
486 1782 526 1819 in
572 1781 758 1819 eiusmodi
798 1782 896 1819 locis
938 1782 1109 1819 carmina
1150 1781 1356 1829 componit.
1425 1781 1654 1819 Considerat

155 1851 256 1888 enim
297 1850 489 1897 Theseus,
540 1853 685 1898 quanta
724 1850 771 1887 sit
813 1850 1028 1897 calamitas,
1083 1861 1181 1897 quae
1221 1848 1336 1886 fuerit
1376 1860 1509 1896 causa,
1553 1861 1652 1897 quae

155 1917 372 1956 efficiantur
410 1919 542 1955 uxoris
583 1920 715 1964 morte,
757 1920 798 1954 ut
839 1918 953 1955 etiam
994 1917 1199 1966 permultis
1230 1917 1430 1966 particulis
1461 1916 1653 1955 indicatur

155 1987 228 2034 (bis
269 1981 371 2039 γὰρ,
417 1987 537 2024 semel
577 1984 802 2025 τοσοῦτοι)
844 1977 973 2034 ὥστε,
1018 1986 1083 2022 vel
1128 1985 1242 2022 etiam
1287 1985 1359 2021 illa
1399 1985 1651 2033 interrogatio

155 2054 375 2092 dimembris
405 2067 440 2091 v.
463 2055 573 2102 842).
631 2054 739 2092 Haec
761 2056 818 2091 est
838 2054 945 2100 ratio,
977 2065 1052 2102 qua
1074 2053 1214 2091 senarii
1238 2053 1448 2090 continuati
1469 2053 1653 2102 coniungi

154 2123 290 2160 solent.
352 2122 456 2168 Quos
487 2134 620 2160 versus
659 2134 738 2160 non
779 2124 953 2159 cantatos
994 2133 1078 2159 esse
1120 2121 1168 2159 ab
1209 2121 1395 2158 histrione
1426 2123 1467 2158 ut
1496 2121 1581 2170 ipsa
1610 2134 1652 2160 rc
1691 2138 1694 2141 ·

154 2191 209 2228 sic
240 2191 407 2228 numeris
429 2191 632 2228 manifeste
655 2190 949 2228 demonstratur.
990 2190 1138 2227 senarii
1160 2189 1313 2237 quidem
1335 2189 1448 2238 primi
1469 2189 1650 2238 strophae

152 2259 280 2307 longis
311 2261 446 2296 carent
474 2261 630 2308 praeter
659 2259 822 2307 primam
850 2258 907 2295 bis
930 2258 1168 2307 productam,
1199 2258 1239 2295 in
1261 2257 1502 2306 antistropho
1524 2260 1651 2295 autem

152 2327 192 2363 in
231 2327 355 2365 altero
395 2328 515 2364 metro
546 2327 606 2364 bis
635 2327 792 2374 longam
823 2325 984 2372 habent3
1026 2327 1188 2364 alterum
1221 2327 1479 2363 trimetrorum
1509 2337 1582 2375 par
1611 2325 1652 2363 in

152 2394 313 2444 stropha
341 2394 443 2433 hanc
473 2394 635 2443 praebet
664 2394 847 2432 formam:

151 2635 191 2672 in
223 2635 387 2672 antistr.:

268 2780 295 2825 ¹)
323 2779 368 2815 V.
388 2779 519 2814 iterum
546 2789 654 2826 supra
677 2791 712 2826 p.
733 2782 775 2814 56
789 2790 844 2825 sq.
