1961 3179
213 270 298 321 [93]
1625 266 1704 303 397

324 383 493 422 Phoen.
525 384 617 420 292.
677 382 815 420 Brevis
848 381 955 420 chori
987 393 1077 430 pars
1109 384 1166 419 est
1196 382 1236 418 in
1266 380 1410 419 Phoen.
1435 381 1527 428 293,
1565 380 1707 429 optime

210 454 340 490 tamen
371 452 599 501 composita:

325 555 359 580 v.
382 543 474 583 292.
516 537 765 595 γονυπετής
785 540 1041 588 scribendum,
1072 540 1175 589 quod
1197 540 1384 579 facillime
1405 551 1475 589 per
1495 539 1708 577 itacismum

510 611 549 648 in
581 615 838 662 γονυπετεῖς
860 610 985 658 perire
1008 610 1141 658 potuit.
1202 603 1448 663 γονυπετής
1471 610 1542 646 est:
1579 608 1708 656 „geni-

512 679 582 717 bus
620 679 902 728 p1·oeumbens“
947 690 1073 726 neque
1113 678 1211 716 bene
1254 678 1301 715 de
1344 677 1435 715 sede
1470 678 1604 725 aliqua
1634 676 1710 714 dici

511 749 649 796 potest.
719 747 911 795 Imprimis
956 746 1002 784 cf.
1040 746 1193 793 Synesii
1239 745 1374 783 verba:
1420 740 1591 798 πρηνὴς
1635 742 1709 782 καὶ

513 807 758 868 γονυπετὴς
789 810 1038 866 γενόμενος.

326 896 360 921 v.
383 884 474 921 295.
517 884 625 922 Unus
658 883 741 921 eod.
762 884 875 920 Laur.
907 885 1052 920 rectam
1085 883 1255 920 servavit
1285 882 1504 920 lectionem.

327 952 475 988 v.296.
515 951 735 988 Interieetio
786 949 1033 988 secernenda.
1102 945 1359 1001 προδρόμος
1410 949 1573 996 retineo,
1625 960 1709 986 eum

511 1018 610 1056 trad.
632 1019 680 1056 sit
712 1018 871 1066 (singuli
903 1018 1002 1055 enim
1035 1017 1233 1065 utriusque
1271 1016 1417 1054 ordinis
1453 1016 1542 1054 libri
1574 1015 1613 1053 id
1646 1027 1710 1053 ex-

516 1087 654 1135 arant).

326 1168 361 1193 v.
383 1156 474 1192 298.
517 1147 553 1193 ὦ
584 1155 699 1192 inser.
730 1153 892 1192 semler.

326 1236 361 1261 v.
386 1224 476 1260 300.
518 1224 678 1260 Lacuna
718 1225 792 1269 est,
833 1222 907 1260 nisi
948 1222 1101 1259 musicis
1142 1221 1264 1259 modis
1306 1224 1467 1259 metrum
1514 1222 1711 1270 expletum

517 1294 610 1329 erat.
642 1313 696 1318 —

326 1382 485 1420 Numeri
515 1382 556 1419 hi
586 1385 690 1419 sunt:

622 1485 645 1509 a
676 1472 699 1510 b

419 1655 511 1692 295.
816 1653 839 1690 b
872 1654 896 1691 b

624 1849 647 1874 a
677 1837 701 1874 b

816 1904 840 1941 b
871 1903 895 1941 b

421 2041 512 2079 300.
816 2041 840 2078 b
872 2040 896 2078 b

329 2176 497 2214 Phoen.
531 2176 624 2213 301.
684 2176 809 2213 Etiam
832 2177 1007 2214 locastae
1034 2176 1226 2223 monodia,
1259 2188 1357 2225 quae
1380 2177 1564 2225 sequitur,
1595 2179 1714 2214 astro-

215 2244 330 2293 phica
360 2248 429 2282 est.
489 2244 605 2282 Cuius
636 2245 747 2293 primi
778 2255 912 2282 versus
944 2243 1164 2282 difficillimi
1195 2247 1282 2281 sunt
1318 2256 1444 2292 neque
1475 2246 1554 2282 scio
1586 2257 1715 2283 annon

216 2316 322 2350 recte
352 2324 468 2350 unum
509 2312 592 2350 cod.
624 2312 863 2350 Marcianum
907 2324 1057 2361 sequar.
1116 2313 1325 2350 Praeterea
1361 2315 1487 2350 autem
1518 2313 1715 2361 graviores

217 2381 282 2418 vix
313 2383 402 2418 sunt
431 2382 677 2429 corruptelae
718 2383 755 2418 et
786 2393 832 2418 ea
863 2380 910 2418 de
942 2392 1060 2418 causa
1090 2381 1219 2418 statim
1250 2392 1428 2418 numeros
1459 2381 1714 2430 perscribam:

634 2460 651 2497 I
830 2482 907 2486 ——
936 2482 970 2486 —
1000 2477 1079 2492 ψ-

830 2545 910 2559 υ-
937 2550 971 2554 ·-
1000 2546 1078 2559 x.)—

830 2612 909 2626 v—
939 2616 972 2621 —
1001 2613 1081 2626 υ-

876 2753 909 2757 -
938 2752 973 2757 -.
1001 2748 1081 2762 υ,

333 2852 358 2896 ι)
385 2846 500 2892 ποδός
532 2854 613 2886 ante
645 2846 760 2897 βάσιν
790 2851 861 2886 del.
893 2851 1042 2887 Kirehh.
1076 2862 1154 2886 cum
1192 2854 1277 2896 post
1308 2853 1394 2886 ποδὶ
1428 2847 1613 2898 τρομεράι·
1645 2863 1715 2887 non

217 2909 405 2944 toleretur.
