1961 3179
211 242 297 292 [57]

411 355 502 394 845.
612 353 780 407 μέλεος,
815 349 914 394 οἷον
945 349 1065 394 emm·
1096 349 1229 408 ἄλγος
1263 353 1426 407 δόμων,

1619 242 1696 278 361

546 416 600 462 οὐ
631 418 796 476 τλητὸν
827 420 930 462 οὐδὲ
962 417 1109 475 ῥητόν.
1141 415 1240 462 ἀλλ’
1272 418 1533 476 ἀπωλόμην·

547 485 704 543 ἕρημος
736 485 872 539 οἶκος,
904 488 979 529 καὶ
1010 484 1134 530 τέκν’
1166 483 1469 543 ὀρφανεύεται,

749 553 906 606 ἐ’λιπες,
939 554 1096 607 ἔλιπες,
1129 547 1165 598 ὦ
1195 557 1304 610 φίλα

681 627 903 679 γυναικῶν
935 618 1092 679 ἀρίστα
1123 619 1169 665 θ’
1201 618 1368 674 ὁπόσας
1401 626 1484 682 ὁρᾷ

814 693 1019 747 πέμφιξῐ)
1051 686 1179 735 ἁλίου

679 777 725 803 τε
757 762 827 803 καὶ
862 759 1024 810 νυκτὸς
1056 755 1320 815 ἀστερωπὸν
1351 762 1489 811 σέλας.

408 696 500 734 850.

318 844 442 881 Metra
472 856 556 882 cum
588 844 849 892 respiciamus,
881 846 1062 892 quattuor
1092 844 1346 892 disiungimus
1377 843 1557 892 periodos
1580 843 1697 881 doch-

202 914 346 951 miacae
387 924 485 960 quae
527 912 773 949 continentur
814 911 915 949 binis
954 912 1052 950 trim.
1079 912 1192 950 iamb.
1220 913 1270 960 (v.
1297 914 1440 960 supra).

1511 910 1697 956 Quaterni

201 981 439 1030 singularum
470 979 716 1028 periodorum
748 978 917 1016 dochmii
947 978 1016 1016 has
1048 978 1232 1028 deinceps
1262 979 1408 1017 habent
1438 979 1596 1017 formas:

405 1071 498 1110 817.
782 1071 811 1108 Ι.
926 1071 950 1108 b
972 1070 996 1108 b

930 1151 953 1176 a
974 1151 997 1176 a

404 1207 498 1245 821.
765 1206 812 1243 II.
929 1207 953 1244 b
975 1206 998 1244 b

928 1287 950 1312 a
970 1275 995 1312 b

403 1343 497 1382 826.
744 1342 812 1381 III.
883 1342 907 1380 b
929 1343 953 1380 b
974 1343 998 1380 b

938 1423 960 1447 a

403 1480 496 1517 830.
743 1478 809 1515 IV.
881 1479 904 1514 2
936 1478 1050 1517 iamb.

820 1546 844 1583 b
867 1558 888 1584 a
909 1546 933 1584 b
955 1558 978 1583 a
999 1546 1055 1595 (b)
1077 1546 1101 1584 b

311 1662 443 1710 Hipp.
476 1662 568 1699 866.

196 1865 420 1904 decurrunt:

912 1936 937 1973 4
947 1948 970 1973 a

913 2005 936 2041 2
946 2003 970 2041 b

400 2072 493 2109 869.
935 2084 958 2109 a

909 2140 933 2177 3
945 2141 979 2178 b.

628 1661 771 1699 Iterum
812 1661 930 1698 breve
973 1659 1080 1699 chori
1122 1662 1312 1699 canticum
1353 1661 1429 1698 iam
1470 1663 1575 1698 extat
1604 1660 1695 1699 inde

196 1742 230 1770 a.
260 1742 294 1767 v,
329 1731 422 1767 866.
500 1730 651 1768 Primus
699 1741 834 1768 versus
884 1741 960 1767 uno
1010 1729 1174 1768 iambico
1224 1732 1345 1767 metro
1391 1742 1413 1766 a

196 1798 392 1846 aequabili
431 1799 537 1837 fluxu
577 1798 745 1836 traducit
781 1798 831 1836 ad
869 1797 1068 1836 dochmios
1105 1798 1346 1847 excitatos,2)
1378 1798 1444 1846 qui
1474 1797 1548 1836 hoc
1579 1797 1694 1836 modo

1457 1730 1695 1767 senariorum

194 2230 347 2279 Singuli
378 2243 512 2269 versus
554 2232 779 2279 syllabatim
819 2232 935 2270 iidem
967 2235 1066 2279 sunt,
1106 2233 1218 2270 nulla
1260 2233 1416 2280 syllaba
1447 2233 1574 2271 brevis
1605 2246 1691 2282 pro-

194 2298 309 2336 ducta
342 2301 400 2337 est
429 2302 586 2349 praeter
614 2300 922 2339 interiectionem
953 2301 993 2338 in
1024 2314 1059 2339 v.
1080 2302 1174 2339 870.

307 2413 439 2462 Hipp.
481 2415 575 2451 882.
648 2414 694 2451 In
739 2415 843 2452 omni
888 2414 961 2452 hac
1006 2414 1162 2453 fabulae
1204 2418 1314 2464 parte
1357 2416 1526 2453 membra
1566 2417 1691 2464 lyrica

191 2492 337 2529 paucos
375 2493 510 2520 versus
551 2483 792 2520 continentia
822 2495 944 2530 usque
975 2486 1193 2530 occurrunt,
1234 2496 1332 2532 quae
1364 2484 1557 2522 similibus
1589 2497 1690 2522 com-

307 2591 334 2635 ¹)
359 2592 482 2637 Enger
507 2592 654 2637 egregie
682 2603 747 2627 em.
796 2593 884 2628 Nam
910 2593 1081 2627 facillime
1106 2593 1183 2628 fieri
1208 2594 1337 2638 potuit,
1371 2598 1411 2629 ut
1435 2595 1587 2630 verbum
1613 2596 1689 2630 vul-

190 2651 311 2692 gatum
337 2658 357 2682 a
381 2648 525 2683 librario
550 2653 746 2693 poneretur
779 2660 841 2684 seu
866 2650 988 2694 potius
1023 2650 1066 2684 ab
1104 2650 1298 2694 interprete
1334 2651 1599 2686 adscriberetur
1623 2664 1688 2697 pro

190 2704 374 2740 inusitato.
424 2705 492 2749 (Cf.
519 2706 627 2750 Soph.
647 2706 752 2751 frgm.
774 2708 864 2751 164.)

304 2762 332 2805 2)
358 2762 433 2796 Nisi
459 2763 570 2797 autin
589 2763 688 2797 initio
708 2774 776 2799 una
793 2764 933 2809 syllaba
952 2765 1087 2799 excidit
1107 2765 1237 2809 <Wess2
1264 2768 1334 2809 φεῦ
1351 2772 1436 2809 φεῦ·
1475 2761 1569 2811 (ὥς)
1607 2763 1687 2802 τόδ’

193 2810 239 2851 αὖ
265 2821 302 2852 et
326 2818 370 2853 al.
389 2819 482 2862 sim.)
514 2823 575 2854 aut
606 2820 641 2854 iu
676 2821 773 2855 exitu
799 2820 903 2866 duae,
938 2826 977 2856 ut
1002 2821 1131 2867 plenus
1165 2822 1341 2857 efficiatur
1366 2823 1456 2858 trini.
1476 2824 1579 2861 iamb.
1608 2825 1687 2869 (Ge.

191 2874 369 2909 Schmidt:
396 2886 405 2920 <
419 2870 548 2920 δόμων
562 2889 569 2921 >
584 2877 608 2920 ).
