1961 3179
337 183 418 221 462
1710 186 1828 236 [158]

450 293 700 333 Conferamus
743 295 836 333 Hec.
867 308 903 332 v.
938 296 1030 335 715.
1103 297 1293 345 Deplorat
1335 297 1495 335 Hecuba
1529 297 1722 345 Polydori
1760 298 1831 336 filii

337 365 497 400 mortem
540 363 709 400 carmine
751 364 1035 401 excitatissimo.
1096 363 1203 408 Quae
1244 376 1328 402 cum
1366 364 1505 404 chorus
1544 378 1580 406 V.
1603 366 1683 403 713
1724 367 1831 404 necis

340 442 439 479 quae
480 431 529 467 sit
569 442 694 478 causa,
738 434 900 479 quaerat
936 443 1049 469 versu
1080 432 1251 469 trimetro
1281 432 1456 481 iambico,
1498 433 1570 471 etsi
1599 433 1635 471 ei
1664 445 1742 471 non
1772 445 1831 471 re·

338 497 514 546 spondet,
544 500 675 536 tamen
706 499 753 536 ab
786 498 922 536 eodem
953 499 1124 536 trimetro
1154 499 1309 548 incipit3
1341 500 1409 537 sed
1435 503 1515 538 tum
1535 503 1696 538 metrum
1717 500 1830 538 nimis

338 566 507 613 quietum
549 566 693 612 subito,
743 569 784 603 ut
834 565 960 603 hiatus
1008 567 1164 614 indicat,
1204 567 1448 617 interrumpit
1485 571 1521 606 et
1552 568 1601 605 ad
1634 567 1830 606 dochmios

338 634 486 674 transit.
546 633 619 679 Qui
649 635 759 671 nullo
791 635 867 671 alio
899 637 1019 672 metro
1051 635 1254 683 interrupti
1285 637 1371 673 sunt
1399 635 1457 685 (et
1488 639 1630 674 exeunt
1649 637 1690 673 in
1711 635 1829 674 doch-

337 702 453 739 mium
484 702 691 750 integrum)
722 704 877 750 praeter
907 714 942 739 v.
965 702 1044 739 715
1058 702 1093 742 b.
1152 702 1358 740 Traditur:

590 795 671 855 οὐχ
703 795 771 844 ὅσι
803 795 899 843 οὐδ’
932 795 1109 844 ἀνεκτά.
1168 804 1261 845 ποῦ
1295 803 1393 845 δίκα
1423 803 1592 856 ξένων,-

798 902 1363 936 κψψ-υ-Ιψ-υ-υ-.

335 986 498 1023 Versum
539 986 593 1023 sic
635 997 719 1023 esse
761 984 1010 1022 dividendum
1053 998 1101 1023 ex
1143 985 1332 1033 dochmio,
1376 987 1439 1034 qui
1470 986 1665 1025 antecedit
1695 989 1733 1025 et
1763 987 1829 1035 qui

336 1054 520 1102 sequitur,
553 1055 726 1102 apparet.
785 1053 964 1091 Editores
985 1055 1241 1100 mutaverunt,
1271 1057 1313 1091 ut
1334 1053 1542 1102 doehmios,
1564 1055 1699 1103 quales
1719 1055 1827 1092 novi-

338 1133 430 1169 mus,
463 1120 671 1168 efficerent,
703 1120 771 1159 sed
801 1121 977 1169 ingentes
1010 1123 1097 1158 sunt
1128 1121 1382 1159 coniecturae.

447 1212 493 1248 In
534 1211 669 1250 eadem
709 1211 841 1249 fabula
877 1211 1059 1260 periodus
1090 1224 1113 1249 a
1143 1224 1178 1249 v.
1203 1212 1308 1249 1077
1339 1212 1476 1262 incipit
1506 1225 1529 1249 a
1558 1213 1680 1251 tribus
1711 1212 1827 1252 doch-

333 1280 418 1317 miis
451 1282 488 1317 et
518 1280 744 1317 terminatur
775 1280 882 1317 claro
913 1279 1092 1317 dochmio
1128 1279 1253 1317 1084:
1293 1276 1504 1331 ὀλέθριον
1535 1278 1705 1319 κοίταν.
1764 1281 1827 1318 In-

333 1347 537 1386 tercedunt
568 1348 742 1395 creticus,
774 1359 906 1385 versus
938 1347 1002 1402 πᾷ
1035 1347 1138 1396 στῶ,
1170 1347 1233 1402 πᾷ
1265 1343 1440 1400 χάμψα),
1472 1347 1536 1402 πᾷ
1558 1347 1635 1397 βῶ,
1668 1349 1733 1397 qui
1753 1349 1828 1386 nisi

331 1419 373 1453 ut
419 1416 634 1464 dactylicus
680 1417 761 1464 (aut
801 1416 928 1465 anap.)
976 1416 1057 1464 legi
1087 1427 1165 1453 non
1205 1413 1383 1468 potest,¹)
1427 1418 1607 1464 quattuor
1650 1417 1780 1454 cretici
1794 1417 1825 1466 2)

334 1486 357 1521 2
390 1484 539 1522 dochm.
561 1485 738 1532 anacl.,²⁵)
769 1495 925 1521 versus:

835 1582 1007 1623 τέκνων
1038 1581 1157 1636 ἐμῶν
1188 1580 1333 1634 φύλαξ

961 1682 1195 1698 ψψψψψψ

334 1754 521 1792 Traducit
565 1755 681 1803 igitur
720 1755 858 1792 iterum
900 1754 1011 1803 illud,
1058 1754 1105 1792 de
1146 1766 1221 1803 quo
1262 1754 1511 1804 disputamus,
1555 1755 1766 1793 membrum
1804 1767 1827 1794 a

334 1823 509 1860 versibus
540 1823 640 1861 aiius
671 1824 823 1871 generis
854 1822 904 1860 ad
936 1822 1144 1862 dochmios.

446 1914 506 1951 De
536 1914 651 1963 Hipp.
674 1914 753 1952 593
785 1914 860 1951 iam
891 1913 1012 1951 verba
1041 1912 1117 1951 feci
1148 1925 1263 1962 supra
1292 1925 1327 1962 p.
1351 1913 1403 1951 53
1416 1925 1473 1961 sq.

607 2010 662 2054 τὰ
693 2008 869 2068 κρυπτὰ
899 2011 981 2067 γὰρ
1013 2013 1196 2068 πέφηνε,
1230 2009 1302 2054 διὰ
1336 2007 1553 2054 ό)ὅλλυσαι

801 2112 1062 2126 ------
1077 2103 1081 2136 1
1097 2112 1130 2126 ψ
1142 2112 1210 2126 W
1223 2117 1255 2121 -
1269 2112 1301 2126 υ
1314 2116 1366 2129 ...,

448 2240 474 2281 ¹)
501 2239 554 2274 Cf.
580 2240 683 2273 Here.
711 2242 784 2274 895.
811 2234 984 2284 βοτρύων
1009 2235 1066 2273 ἐπὶ
1091 2233 1246 2282 χεύμασι
1274 2233 1400 2283 λώβας
1424 2248 1541 2282 neque
1573 2238 1657 2273 Wil.
1675 2248 1823 2283 possum

331 2296 506 2340 assentiri,
533 2295 595 2339 qui
619 2296 654 2329 in
679 2296 734 2330 his
759 2296 908 2329 canticis
933 2295 1091 2339 permitti
1116 2305 1285 2329 versuum
1311 2295 1621 2338 anapaesticorum
1647 2294 1824 2329 catalexin

331 2355 441 2396 neget
465 2351 644 2396 (Herc.II,
672 2352 764 2395 220).
812 2352 901 2386 Nam
926 2354 1115 2395 practerea
1139 2351 1184 2385 cf.
1210 2351 1315 2385 Herc.
1337 2353 1440 2385 1197:

583 2415 709 2464 ἕτερον
733 2414 1068 2464 πολυμοχθότερυν
1092 2413 1466 2463 πολυπλαγκτότερόν
1491 2429 1527 2452 τε
1552 2420 1754 2452 &mercar-2-

872 2495 1697 2519 ψψψψψψψψψψψψψψψψψψ

513 2542 592 2577 Hel.
620 2546 702 2577 092:
789 2538 874 2577 τάδε
898 2544 960 2576 καὶ
989 2541 1025 2577 σὲ
1053 2538 1205 2577 διώλεσε
1228 2537 1412 2586 μυριάδας
1437 2553 1524 2576 Te:

870 2620 1085 2634 ψψψψψ
1097 2618 1448 2633 ηψψ-ψψ-υ

511 2666 567 2700 Or.
588 2669 685 2701 1363.
765 2661 959 2711 δακρύοισι.
986 2662 1056 2711 γὰρ
1076 2661 1219 2700 Ἑλλάδ’
1248 2660 1396 2700 {hiemat}
1419 2661 1565 2709 ἔπλησε.

444 2746 470 2788 2)
497 2744 550 2778 Cf.
575 2755 609 2787 p.
630 2747 705 2778 151.

444 2813 474 2854 ³)
500 2811 555 2845 De
580 2810 708 2854 prioris
732 2811 846 2846 forma
871 2810 915 2846 cf.
940 2811 1045 2845 Herc.
1071 2814 1161 2846 1085.
1211 2811 1286 2846 Ion.
1312 2813 1405 2845 1582.
