<?xml version="1.0" encoding="UTF-8"?>
<!DOCTYPE html PUBLIC "-//W3C//DTD XHTML 1.0 Transitional//EN"
    "http://www.w3.org/TR/xhtml1/DTD/xhtml1-transitional.dtd">
<html xmlns="http://www.w3.org/1999/xhtml" xml:lang="en" lang="en">
 <head>
  <title>
</title>
<meta http-equiv="Content-Type" content="text/html;charset=utf-8" />
  <meta name='ocr-system' content='tesseract 3.04.00' />
  <meta name='ocr-capabilities' content='ocr_page ocr_carea ocr_par ocr_line ocrx_word'/>
</head>
<body>
  <div class='ocr_page' id='page_1' title='image "./novastudiaeuripi00lohmuoft_0050.png"; bbox 0 0 1961 3179; ppageno 0'>
   <div class='ocr_carea' id='block_1_1' title="bbox 263 185 1751 237">
    <p class='ocr_par' dir='ltr' id='par_1_1' title="bbox 263 185 1751 237">
     <span class='ocr_line' id='line_1_1' title="bbox 263 185 1751 237; baseline 0 -13"><span class='ocrx_word' id='word_1_1' title='bbox 263 188 341 224; x_wconf 78' lang='lat'>342</span> <span class='ocrx_word' id='word_1_2' title='bbox 1665 185 1751 237; x_wconf 86' lang='lat'>[38]</span> 
     </span>
    </p>
   </div>
   <div class='ocr_carea' id='block_1_2' title="bbox 258 295 1754 755">
    <p class='ocr_par' dir='ltr' id='par_1_2' title="bbox 258 295 1754 755">
     <span class='ocr_line' id='line_1_2' title="bbox 261 295 1752 348; baseline 0.001 -10"><span class='ocrx_word' id='word_1_3' title='bbox 261 313 345 339; x_wconf 84' lang='lat' dir='ltr'>eum</span> <span class='ocrx_word' id='word_1_4' title='bbox 367 304 560 338; x_wconf 82' lang='lat' dir='ltr'>vertamus</span> <span class='ocrx_word' id='word_1_5' title='bbox 583 299 652 337; x_wconf 87' lang='lat' dir='ltr'>hos</span> <span class='ocrx_word' id='word_1_6' title='bbox 674 311 818 347; x_wconf 88' lang='lat' dir='ltr'>versus,</span> <span class='ocrx_word' id='word_1_7' title='bbox 846 299 1072 337; x_wconf 84' lang='lat' dir='ltr'>offendimus</span> <span class='ocrx_word' id='word_1_8' title='bbox 1092 299 1132 336; x_wconf 92' lang='lat' dir='ltr'>in</span> <span class='ocrx_word' id='word_1_9' title='bbox 1153 300 1280 337; x_wconf 87' lang='lat' dir='ltr'>verbis</span> <span class='ocrx_word' id='word_1_10' title='bbox 1302 297 1473 339; x_wconf 80' lang='grc' dir='ltr'><em>τέκνων</em></span> <span class='ocrx_word' id='word_1_11' title='bbox 1494 295 1752 348; x_wconf 81' lang='grc' dir='ltr'><em>θανόντων,</em></span> 
     </span>
     <span class='ocr_line' id='line_1_3' title="bbox 261 366 1753 416; baseline 0.001 -12"><span class='ocrx_word' id='word_1_12' title='bbox 261 379 358 416; x_wconf 87' lang='lat' dir='ltr'>quae</span> <span class='ocrx_word' id='word_1_13' title='bbox 400 368 525 404; x_wconf 89' lang='lat' dir='ltr'>ieiune</span> <span class='ocrx_word' id='word_1_14' title='bbox 567 367 794 415; x_wconf 85' lang='lat' dir='ltr'>interposita</span> <span class='ocrx_word' id='word_1_15' title='bbox 834 367 909 403; x_wconf 87' lang='lat' dir='ltr'>vim</span> <span class='ocrx_word' id='word_1_16' title='bbox 944 367 1135 415; x_wconf 78' lang='lat' dir='ltr'>poetieam</span> <span class='ocrx_word' id='word_1_17' title='bbox 1175 366 1291 404; x_wconf 81' lang='lat' dir='ltr'>valde</span> <span class='ocrx_word' id='word_1_18' title='bbox 1326 367 1569 415; x_wconf 83' lang='lat' dir='ltr'>imminuunt,</span> <span class='ocrx_word' id='word_1_19' title='bbox 1615 367 1753 415; x_wconf 88' lang='lat' dir='ltr'>quibus</span> 
     </span>
     <span class='ocr_line' id='line_1_4' title="bbox 261 434 1752 483; baseline 0 -11"><span class='ocrx_word' id='word_1_20' title='bbox 261 436 398 473; x_wconf 85' lang='lat' dir='ltr'>deletis</span> <span class='ocrx_word' id='word_1_21' title='bbox 429 447 552 473; x_wconf 89' lang='lat' dir='ltr'>sermo</span> <span class='ocrx_word' id='word_1_22' title='bbox 585 435 727 483; x_wconf 86' lang='lat' dir='ltr'>optime</span> <span class='ocrx_word' id='word_1_23' title='bbox 758 434 849 471; x_wconf 86' lang='lat' dir='ltr'>fluit.</span> <span class='ocrx_word' id='word_1_24' title='bbox 898 434 1107 472; x_wconf 81' lang='lat' dir='ltr'><strong>Videamus</strong></span> <span class='ocrx_word' id='word_1_25' title='bbox 1137 437 1264 472; x_wconf 84' lang='lat' dir='ltr'>autem</span> <span class='ocrx_word' id='word_1_26' title='bbox 1294 447 1483 473; x_wconf 90' lang='lat' dir='ltr'>numeros.</span> <span class='ocrx_word' id='word_1_27' title='bbox 1542 435 1752 474; x_wconf 77' lang='lat' dir='ltr'><strong>Confestim</strong></span> 
     </span>
     <span class='ocr_line' id='line_1_5' title="bbox 259 501 1753 552; baseline 0 -12"><span class='ocrx_word' id='word_1_28' title='bbox 259 506 421 552; x_wconf 79' lang='lat' dir='ltr'>apparet</span> <span class='ocrx_word' id='word_1_29' title='bbox 459 503 602 552; x_wconf 91' lang='lat' dir='ltr'>primos</span> <span class='ocrx_word' id='word_1_30' title='bbox 638 514 773 540; x_wconf 90' lang='lat' dir='ltr'>versus</span> <span class='ocrx_word' id='word_1_31' title='bbox 815 501 968 539; x_wconf 83' lang='lat' dir='ltr'>eosdem</span> <span class='ocrx_word' id='word_1_32' title='bbox 1008 513 1092 539; x_wconf 85' lang='lat' dir='ltr'>esse</span> <span class='ocrx_word' id='word_1_33' title='bbox 1136 502 1351 551; x_wconf 76' lang='lat' dir='ltr'>enhopIIOS.</span> <span class='ocrx_word' id='word_1_34' title='bbox 1410 504 1455 540; x_wconf 93' lang='lat' dir='ltr'>In</span> <span class='ocrx_word' id='word_1_35' title='bbox 1484 503 1608 552; x_wconf 88' lang='lat' dir='ltr'>primo</span> <span class='ocrx_word' id='word_1_36' title='bbox 1638 514 1753 540; x_wconf 87' lang='lat' dir='ltr'>versu</span> 
     </span>
     <span class='ocr_line' id='line_1_6' title="bbox 258 570 1753 619; baseline 0 -11"><span class='ocrx_word' id='word_1_37' title='bbox 258 571 377 608; x_wconf 83' lang='lat' dir='ltr'><strong>iambi</strong></span> <span class='ocrx_word' id='word_1_38' title='bbox 407 582 484 607; x_wconf 85' lang='lat' dir='ltr'>una</span> <span class='ocrx_word' id='word_1_39' title='bbox 513 571 671 618; x_wconf 81' lang='lat' dir='ltr'>syllaba</span> <span class='ocrx_word' id='word_1_40' title='bbox 700 571 821 617; x_wconf 86' lang='lat' dir='ltr'>longa</span> <span class='ocrx_word' id='word_1_41' title='bbox 851 570 980 607; x_wconf 77' lang='lat' dir='ltr'>soluta</span> <span class='ocrx_word' id='word_1_42' title='bbox 1010 572 1076 616; x_wconf 78' lang='lat' dir='ltr'>est,</span> <span class='ocrx_word' id='word_1_43' title='bbox 1109 571 1333 619; x_wconf 76' lang='lat' dir='ltr'><strong>ceteroquin</strong></span> <span class='ocrx_word' id='word_1_44' title='bbox 1363 571 1480 619; x_wconf 86' lang='lat' dir='ltr'>plane</span> <span class='ocrx_word' id='word_1_45' title='bbox 1508 571 1753 608; x_wconf 81' lang='lat' dir='ltr'>consentiunt</span> 
     </span>
     <span class='ocr_line' id='line_1_7' title="bbox 259 637 1754 688; baseline 0.001 -13"><span class='ocrx_word' id='word_1_46' title='bbox 259 639 358 676; x_wconf 81' lang='lat' dir='ltr'>alter</span> <span class='ocrx_word' id='word_1_47' title='bbox 388 650 473 676; x_wconf 85' lang='lat' dir='ltr'>eum</span> <span class='ocrx_word' id='word_1_48' title='bbox 504 639 637 676; x_wconf 84' lang='lat' dir='ltr'>altero.</span> <span class='ocrx_word' id='word_1_49' title='bbox 695 637 847 676; x_wconf 84' lang='lat' dir='ltr'>Deinde</span> <span class='ocrx_word' id='word_1_50' title='bbox 877 638 1043 675; x_wconf 85' lang='lat' dir='ltr'>insertus</span> <span class='ocrx_word' id='word_1_51' title='bbox 1074 640 1132 676; x_wconf 82' lang='lat' dir='ltr'>est</span> <span class='ocrx_word' id='word_1_52' title='bbox 1162 638 1260 675; x_wconf 87' lang='lat' dir='ltr'>trim.</span> <span class='ocrx_word' id='word_1_53' title='bbox 1281 638 1405 686; x_wconf 87' lang='lat' dir='ltr'>iamb.,</span> <span class='ocrx_word' id='word_1_54' title='bbox 1437 649 1550 688; x_wconf 80' lang='lat' dir='ltr'>quem</span> <span class='ocrx_word' id='word_1_55' title='bbox 1581 639 1754 687; x_wconf 83' lang='lat' dir='ltr'>sequitur</span> 
     </span>
     <span class='ocr_line' id='line_1_8' title="bbox 258 706 541 755; baseline 0 -12"><span class='ocrx_word' id='word_1_56' title='bbox 258 706 541 755; x_wconf 86' lang='lat' dir='ltr'>paroemiaeus:</span> 
     </span>
    </p>
   </div>
   <div class='ocr_carea' id='block_1_3' title="bbox 802 780 1199 794">
    <p class='ocr_par' dir='ltr' id='par_1_3' title="bbox 802 780 1199 794">
     <span class='ocr_line' id='line_1_9' title="bbox 802 780 1199 794; baseline 0 0"><span class='ocrx_word' id='word_1_57' title='bbox 802 780 835 794; x_wconf 58' lang='grc' dir='ltr'><strong>υ</strong></span> <span class='ocrx_word' id='word_1_58' title='bbox 847 780 1017 794; x_wconf 53' lang='lat' dir='ltr'>QQQQ</span> <span class='ocrx_word' id='word_1_59' title='bbox 1031 780 1199 794; x_wconf 53' lang='lat' dir='ltr'>—Q—-—</span> 
     </span>
    </p>
   </div>
   <div class='ocr_carea' id='block_1_4' title="bbox 261 853 1480 1007">
    <p class='ocr_par' dir='ltr' id='par_1_4' title="bbox 261 853 1480 1007">
     <span class='ocr_line' id='line_1_10' title="bbox 261 853 1480 902; baseline 0.001 -11"><span class='ocrx_word' id='word_1_60' title='bbox 261 853 393 892; x_wconf 89' lang='lat' dir='ltr'>Omnis</span> <span class='ocrx_word' id='word_1_61' title='bbox 425 854 593 891; x_wconf 82' lang='lat' dir='ltr'>attentus</span> <span class='ocrx_word' id='word_1_62' title='bbox 622 853 817 902; x_wconf 80' lang='lat' dir='ltr'>intellegit</span> <span class='ocrx_word' id='word_1_63' title='bbox 848 865 881 890; x_wconf 89' lang='lat' dir='ltr'>v.</span> <span class='ocrx_word' id='word_1_64' title='bbox 906 853 985 891; x_wconf 84' lang='lat'>655</span> <span class='ocrx_word' id='word_1_65' title='bbox 1016 853 1152 891; x_wconf 83' lang='lat' dir='ltr'>iterum</span> <span class='ocrx_word' id='word_1_66' title='bbox 1185 853 1347 891; x_wconf 84' lang='lat' dir='ltr'>eundem</span> <span class='ocrx_word' id='word_1_67' title='bbox 1379 865 1480 892; x_wconf 89' lang='lat' dir='ltr'>esse:</span> 
     </span>
     <span class='ocr_line' id='line_1_11' title="bbox 665 951 1342 1007; baseline 0.001 -13"><span class='ocrx_word' id='word_1_68' title='bbox 665 953 840 994; x_wconf 72' lang='grc' dir='ltr'><em>τίθεται</em></span> <span class='ocrx_word' id='word_1_69' title='bbox 868 951 972 1007; x_wconf 76' lang='grc' dir='ltr'><em>χέρα</em></span> <span class='ocrx_word' id='word_1_70' title='bbox 1006 951 1247 1007; x_wconf 76' lang='grc' dir='ltr'><em>δρύπτεταί</em></span> <span class='ocrx_word' id='word_1_71' title='bbox 1283 968 1342 995; x_wconf 82' lang='grc' dir='ltr'>τε.</span> 
     </span>
    </p>
   </div>
   <div class='ocr_carea' id='block_1_5' title="bbox 259 1055 1753 1242">
    <p class='ocr_par' dir='ltr' id='par_1_5' title="bbox 259 1055 1753 1242">
     <span class='ocr_line' id='line_1_12' title="bbox 260 1055 1753 1108; baseline 0.001 -14"><span class='ocrx_word' id='word_1_72' title='bbox 260 1056 388 1102; x_wconf 78' lang='lat' dir='ltr'>Quare</span> <span class='ocrx_word' id='word_1_73' title='bbox 419 1057 502 1095; x_wconf 90' lang='lat' dir='ltr'>sine</span> <span class='ocrx_word' id='word_1_74' title='bbox 534 1057 649 1094; x_wconf 85' lang='lat' dir='ltr'>dubio</span> <span class='ocrx_word' id='word_1_75' title='bbox 680 1057 839 1095; x_wconf 87' lang='lat' dir='ltr'>verbum</span> <span class='ocrx_word' id='word_1_76' title='bbox 870 1055 1059 1108; x_wconf 75' lang='grc' dir='ltr'><em>παρείαν</em></span> <span class='ocrx_word' id='word_1_77' title='bbox 1090 1068 1175 1094; x_wconf 85' lang='lat' dir='ltr'>oum</span> <span class='ocrx_word' id='word_1_78' title='bbox 1205 1057 1341 1095; x_wconf 86' lang='lat' dir='ltr'>ultimo</span> <span class='ocrx_word' id='word_1_79' title='bbox 1372 1068 1487 1095; x_wconf 89' lang='lat' dir='ltr'>versu</span> <span class='ocrx_word' id='word_1_80' title='bbox 1517 1057 1753 1106; x_wconf 83' lang='lat' dir='ltr'>coniungen-</span> 
     </span>
     <span class='ocr_line' id='line_1_13' title="bbox 260 1123 1752 1174; baseline 0.001 -12"><span class='ocrx_word' id='word_1_81' title='bbox 260 1125 349 1162; x_wconf 83' lang='lat' dir='ltr'>dum</span> <span class='ocrx_word' id='word_1_82' title='bbox 386 1127 453 1172; x_wconf 83' lang='lat' dir='ltr'>est,</span> <span class='ocrx_word' id='word_1_83' title='bbox 493 1127 534 1162; x_wconf 84' lang='lat' dir='ltr'>ut</span> <span class='ocrx_word' id='word_1_84' title='bbox 574 1127 817 1163; x_wconf 80' lang='lat' dir='ltr'>tetrametrus</span> <span class='ocrx_word' id='word_1_85' title='bbox 853 1123 1041 1162; x_wconf 77' lang='lat' dir='ltr'>efficiatur</span> <span class='ocrx_word' id='word_1_86' title='bbox 1070 1124 1195 1173; x_wconf 57' lang='lat' dir='ltr'>inme,</span> <span class='ocrx_word' id='word_1_87' title='bbox 1236 1125 1301 1173; x_wconf 89' lang='lat' dir='ltr'>qui</span> <span class='ocrx_word' id='word_1_88' title='bbox 1331 1125 1467 1174; x_wconf 91' lang='lat' dir='ltr'>aliquo</span> <span class='ocrx_word' id='word_1_89' title='bbox 1498 1125 1610 1163; x_wconf 82' lang='lat' dir='ltr'>modo</span> <span class='ocrx_word' id='word_1_90' title='bbox 1640 1126 1752 1163; x_wconf 84' lang='lat' dir='ltr'>tertio</span> 
     </span>
     <span class='ocr_line' id='line_1_14' title="bbox 259 1193 1598 1242; baseline 0 -11"><span class='ocrx_word' id='word_1_91' title='bbox 259 1193 478 1242; x_wconf 83' lang='lat' dir='ltr'>respondet,</span> <span class='ocrx_word' id='word_1_92' title='bbox 508 1195 711 1242; x_wconf 80' lang='lat' dir='ltr'>praeterea</span> <span class='ocrx_word' id='word_1_93' title='bbox 742 1193 856 1230; x_wconf 84' lang='lat' dir='ltr'>etiam</span> <span class='ocrx_word' id='word_1_94' title='bbox 886 1193 926 1229; x_wconf 88' lang='lat' dir='ltr'>in</span> <span class='ocrx_word' id='word_1_95' title='bbox 958 1204 998 1230; x_wconf 92' lang='lat' dir='ltr'>se</span> <span class='ocrx_word' id='word_1_96' title='bbox 1028 1193 1113 1241; x_wconf 90' lang='lat' dir='ltr'>ipso</span> <span class='ocrx_word' id='word_1_97' title='bbox 1144 1193 1435 1241; x_wconf 82' lang='lat' dir='ltr'>responsionem</span> <span class='ocrx_word' id='word_1_98' title='bbox 1464 1193 1598 1231; x_wconf 84' lang='lat' dir='ltr'>habet:</span> 
     </span>
    </p>
   </div>
   <div class='ocr_carea' id='block_1_6' title="bbox 701 1340 1388 1383">
    <p class='ocr_par' dir='ltr' id='par_1_6' title="bbox 701 1340 1388 1383">
     <span class='ocr_line' id='line_1_15' title="bbox 701 1340 1388 1383; baseline 0 -6"><span class='ocrx_word' id='word_1_99' title='bbox 701 1353 723 1377; x_wconf 85' lang='lat' dir='ltr'>a</span> <span class='ocrx_word' id='word_1_100' title='bbox 903 1340 926 1377; x_wconf 91' lang='lat' dir='ltr'><strong>b</strong></span> <span class='ocrx_word' id='word_1_101' title='bbox 1118 1340 1142 1377; x_wconf 91' lang='lat' dir='ltr'>b</span> <span class='ocrx_word' id='word_1_102' title='bbox 1310 1353 1332 1377; x_wconf 85' lang='lat' dir='ltr'>a</span> <span class='ocrx_word' id='word_1_103' title='bbox 1379 1378 1388 1383; x_wconf 72' lang='grc'><strong>,</strong></span> 
     </span>
    </p>
   </div>
   <div class='ocr_carea' id='block_1_7' title="bbox 259 1436 1751 1559">
    <p class='ocr_par' dir='ltr' id='par_1_7' title="bbox 259 1436 1751 1559">
     <span class='ocr_line' id='line_1_16' title="bbox 260 1436 1751 1488; baseline 0.001 -9"><span class='ocrx_word' id='word_1_104' title='bbox 260 1442 386 1488; x_wconf 80' lang='lat' dir='ltr'>Quare</span> <span class='ocrx_word' id='word_1_105' title='bbox 430 1455 507 1480; x_wconf 91' lang='lat' dir='ltr'>non</span> <span class='ocrx_word' id='word_1_106' title='bbox 550 1442 681 1480; x_wconf 85' lang='lat' dir='ltr'>dubito</span> <span class='ocrx_word' id='word_1_107' title='bbox 712 1442 833 1480; x_wconf 83' lang='lat' dir='ltr'>verba</span> <span class='ocrx_word' id='word_1_108' title='bbox 863 1439 1035 1481; x_wconf 78' lang='grc' dir='ltr'><em>τέκνων</em></span> <span class='ocrx_word' id='word_1_109' title='bbox 1065 1436 1307 1481; x_wconf 69' lang='grc' dir='ltr'><em>θανόντων</em></span> <span class='ocrx_word' id='word_1_110' title='bbox 1345 1444 1382 1480; x_wconf 85' lang='lat' dir='ltr'>et</span> <span class='ocrx_word' id='word_1_111' title='bbox 1412 1444 1574 1480; x_wconf 83' lang='lat' dir='ltr'>metrum</span> <span class='ocrx_word' id='word_1_112' title='bbox 1605 1445 1643 1481; x_wconf 81' lang='lat' dir='ltr'>et</span> <span class='ocrx_word' id='word_1_113' title='bbox 1673 1454 1751 1481; x_wconf 87' lang='lat' dir='ltr'>ser-</span> 
     </span>
     <span class='ocr_line' id='line_1_17' title="bbox 259 1510 1016 1559; baseline 0 -12"><span class='ocrx_word' id='word_1_114' title='bbox 259 1511 381 1548; x_wconf 84' lang='lat' dir='ltr'>monis</span> <span class='ocrx_word' id='word_1_115' title='bbox 411 1510 554 1547; x_wconf 85' lang='lat' dir='ltr'>fluxum</span> <span class='ocrx_word' id='word_1_116' title='bbox 576 1510 842 1559; x_wconf 81' lang='lat' dir='ltr'>perturbantia</span> <span class='ocrx_word' id='word_1_117' title='bbox 874 1510 1016 1548; x_wconf 85' lang='lat' dir='ltr'>delere.</span> 
     </span>
    </p>
   </div>
   <div class='ocr_carea' id='block_1_8' title="bbox 258 1622 1753 1943">
    <p class='ocr_par' dir='ltr' id='par_1_8' title="bbox 258 1622 1753 1943">
     <span class='ocr_line' id='line_1_18' title="bbox 373 1622 1752 1673; baseline 0.001 -12"><span class='ocrx_word' id='word_1_118' title='bbox 373 1623 531 1672; x_wconf 86' lang='lat' dir='ltr'>Suppl.</span> <span class='ocrx_word' id='word_1_119' title='bbox 564 1624 655 1659; x_wconf 85' lang='lat'>971.</span> <span class='ocrx_word' id='word_1_120' title='bbox 716 1623 887 1661; x_wconf 84' lang='lat' dir='ltr'>Similem</span> <span class='ocrx_word' id='word_1_121' title='bbox 916 1623 1232 1672; x_wconf 82' lang='lat' dir='ltr'>compositionem</span> <span class='ocrx_word' id='word_1_122' title='bbox 1254 1622 1371 1660; x_wconf 80' lang='lat' dir='ltr'>habet</span> <span class='ocrx_word' id='word_1_123' title='bbox 1392 1623 1538 1672; x_wconf 87' lang='lat' dir='ltr'>epodus</span> <span class='ocrx_word' id='word_1_124' title='bbox 1559 1624 1599 1660; x_wconf 92' lang='lat' dir='ltr'>in</span> <span class='ocrx_word' id='word_1_125' title='bbox 1619 1623 1752 1673; x_wconf 86' lang='lat' dir='ltr'>Suppl.</span> 
     </span>
     <span class='ocr_line' id='line_1_19' title="bbox 258 1691 1748 1740; baseline 0.001 -12"><span class='ocrx_word' id='word_1_126' title='bbox 258 1691 347 1728; x_wconf 89' lang='lat' dir='ltr'>inde</span> <span class='ocrx_word' id='word_1_127' title='bbox 379 1703 401 1728; x_wconf 81' lang='lat' dir='ltr'>a</span> <span class='ocrx_word' id='word_1_128' title='bbox 431 1703 465 1728; x_wconf 88' lang='lat' dir='ltr'>v.</span> <span class='ocrx_word' id='word_1_129' title='bbox 489 1691 580 1727; x_wconf 82' lang='lat'>971.</span> <span class='ocrx_word' id='word_1_130' title='bbox 640 1691 847 1739; x_wconf 81' lang='lat' dir='ltr'>Hartungii</span> <span class='ocrx_word' id='word_1_131' title='bbox 889 1692 1035 1740; x_wconf 85' lang='lat' dir='ltr'>opinio⁷</span> <span class='ocrx_word' id='word_1_132' title='bbox 1077 1692 1141 1739; x_wconf 89' lang='lat' dir='ltr'>qui</span> <span class='ocrx_word' id='word_1_133' title='bbox 1183 1702 1245 1728; x_wconf 80' lang='lat' dir='ltr'>VV.</span> <span class='ocrx_word' id='word_1_134' title='bbox 1271 1692 1503 1729; x_wconf 77' lang='lat'>975—977</span> <span class='ocrx_word' id='word_1_135' title='bbox 1543 1694 1631 1740; x_wconf 77' lang='lat' dir='ltr'>post</span> <span class='ocrx_word' id='word_1_136' title='bbox 1672 1693 1748 1730; x_wconf 88' lang='lat'>971</span> 
     </span>
     <span class='ocr_line' id='line_1_20' title="bbox 258 1759 1753 1809; baseline 0.001 -13"><span class='ocrx_word' id='word_1_137' title='bbox 258 1759 508 1808; x_wconf 81' lang='lat' dir='ltr'>transposuit,</span> <span class='ocrx_word' id='word_1_138' title='bbox 550 1760 631 1796; x_wconf 93' lang='lat' dir='ltr'>iure</span> <span class='ocrx_word' id='word_1_139' title='bbox 671 1760 816 1796; x_wconf 81' lang='lat' dir='ltr'>reiecta</span> <span class='ocrx_word' id='word_1_140' title='bbox 857 1762 923 1797; x_wconf 79' lang='lat' dir='ltr'>est.</span> <span class='ocrx_word' id='word_1_141' title='bbox 984 1760 1043 1807; x_wconf 79' lang='lat' dir='ltr'>(V.</span> <span class='ocrx_word' id='word_1_142' title='bbox 1073 1759 1152 1796; x_wconf 81' lang='lat'>975</span> <span class='ocrx_word' id='word_1_143' title='bbox 1194 1760 1234 1796; x_wconf 90' lang='lat' dir='ltr'>in</span> <span class='ocrx_word' id='word_1_144' title='bbox 1275 1760 1427 1808; x_wconf 82' lang='lat' dir='ltr'>optimis</span> <span class='ocrx_word' id='word_1_145' title='bbox 1467 1760 1578 1797; x_wconf 90' lang='lat' dir='ltr'>libris</span> <span class='ocrx_word' id='word_1_146' title='bbox 1617 1759 1753 1809; x_wconf 80' lang='lat' dir='ltr'>deest.)</span> 
     </span>
     <span class='ocr_line' id='line_1_21' title="bbox 258 1826 1753 1876; baseline 0.001 -12"><span class='ocrx_word' id='word_1_147' title='bbox 258 1827 303 1864; x_wconf 92' lang='lat' dir='ltr'>In</span> <span class='ocrx_word' id='word_1_148' title='bbox 334 1827 427 1875; x_wconf 90' lang='lat' dir='ltr'>ipsis</span> <span class='ocrx_word' id='word_1_149' title='bbox 458 1827 631 1864; x_wconf 88' lang='lat' dir='ltr'>versibus</span> <span class='ocrx_word' id='word_1_150' title='bbox 653 1828 914 1875; x_wconf 81' lang='lat' dir='ltr'>corruptelam</span> <span class='ocrx_word' id='word_1_151' title='bbox 935 1839 1019 1865; x_wconf 88' lang='lat' dir='ltr'>esse</span> <span class='ocrx_word' id='word_1_152' title='bbox 1042 1829 1162 1865; x_wconf 88' lang='lat' dir='ltr'>metro</span> <span class='ocrx_word' id='word_1_153' title='bbox 1185 1826 1478 1876; x_wconf 82' lang='lat' dir='ltr'>demonstratur,</span> <span class='ocrx_word' id='word_1_154' title='bbox 1509 1828 1753 1866; x_wconf 90' lang='lat' dir='ltr'>Hermannus</span> 
     </span>
     <span class='ocr_line' id='line_1_22' title="bbox 258 1894 1239 1943; baseline 0 -11"><span class='ocrx_word' id='word_1_155' title='bbox 258 1896 405 1932; x_wconf 75' lang='lat' dir='ltr'>rectum</span> <span class='ocrx_word' id='word_1_156' title='bbox 437 1895 664 1943; x_wconf 83' lang='lat' dir='ltr'>cognovisse</span> <span class='ocrx_word' id='word_1_157' title='bbox 696 1894 858 1943; x_wconf 86' lang='lat' dir='ltr'>videtur,</span> <span class='ocrx_word' id='word_1_158' title='bbox 890 1895 955 1943; x_wconf 92' lang='lat' dir='ltr'>qui</span> <span class='ocrx_word' id='word_1_159' title='bbox 984 1908 1032 1934; x_wconf 82' lang='grc' dir='ltr'>τε</span> <span class='ocrx_word' id='word_1_160' title='bbox 1062 1895 1239 1933; x_wconf 81' lang='lat' dir='ltr'>inseruit:</span> 
     </span>
    </p>
   </div>
   <div class='ocr_carea' id='block_1_9' title="bbox 258 2003 1208 2082">
    <p class='ocr_par' dir='ltr' id='par_1_9' title="bbox 258 2003 1208 2082">
     <span class='ocr_line' id='line_1_23' title="bbox 803 2003 1208 2018; baseline 0.012 -6"><span class='ocrx_word' id='word_1_161' title='bbox 803 2008 837 2012; x_wconf 70' lang='grc'>..</span> <span class='ocrx_word' id='word_1_162' title='bbox 848 2008 882 2012; x_wconf 74' lang='grc'><strong>-</strong></span> <span class='ocrx_word' id='word_1_163' title='bbox 894 2003 962 2018; x_wconf 44' lang='grc' dir='ltr'>νυ</span> <span class='ocrx_word' id='word_1_164' title='bbox 974 2004 1208 2018; x_wconf 48' lang='grc' dir='ltr'>ψψψψψψ</span> 
     </span>
     <span class='ocr_line' id='line_1_24' title="bbox 258 2041 624 2082; baseline 0.003 -2"><span class='ocrx_word' id='word_1_165' title='bbox 258 2042 419 2080; x_wconf 89' lang='lat' dir='ltr'>Numeri</span> <span class='ocrx_word' id='word_1_166' title='bbox 449 2041 489 2080; x_wconf 87' lang='lat' dir='ltr'>hi</span> <span class='ocrx_word' id='word_1_167' title='bbox 519 2044 624 2082; x_wconf 81' lang='lat' dir='ltr'>sunt:</span> 
     </span>
    </p>
   </div>
   <div class='ocr_carea' id='block_1_10' title="bbox 621 2129 1165 2211">
    <p class='ocr_par' dir='ltr' id='par_1_10' title="bbox 621 2129 1165 2211">
     <span class='ocr_line' id='line_1_25' title="bbox 745 2129 1165 2144; baseline 0.002 -1"><span class='ocrx_word' id='word_1_168' title='bbox 745 2129 1165 2144; x_wconf 49' lang='lat' dir='ltr'>QQQ-—QQ—QQV</span> 
     </span>
     <span class='ocr_line' id='line_1_26' title="bbox 621 2196 996 2211; baseline 0 0"><span class='ocrx_word' id='word_1_169' title='bbox 621 2196 733 2211; x_wconf 53' lang='lat' dir='ltr'>WQ</span> <span class='ocrx_word' id='word_1_170' title='bbox 762 2202 795 2206; x_wconf 83' lang='lat'>-—</span> <span class='ocrx_word' id='word_1_171' title='bbox 825 2197 996 2211; x_wconf 47' lang='lat' dir='ltr'>&amp;dv——</span> 
     </span>
    </p>
   </div>
   <div class='ocr_carea' id='block_1_11' title="bbox 762 2265 1148 2279">
    <p class='ocr_par' dir='ltr' id='par_1_11' title="bbox 762 2265 1148 2279">
     <span class='ocr_line' id='line_1_27' title="bbox 762 2265 1148 2279; baseline 0 0"><span class='ocrx_word' id='word_1_172' title='bbox 762 2269 797 2273; x_wconf 92' lang='lat'><em>-</em></span> <span class='ocrx_word' id='word_1_173' title='bbox 826 2265 1086 2279; x_wconf 57' lang='grc' dir='ltr'>--ψυ--υ</span> <span class='ocrx_word' id='word_1_174' title='bbox 1114 2270 1148 2274; x_wconf 93' lang='lat'>--</span> 
     </span>
    </p>
   </div>
   <div class='ocr_carea' id='block_1_12' title="bbox 464 2333 1329 2684">
    <p class='ocr_par' dir='ltr' id='par_1_12' title="bbox 464 2333 1329 2684">
     <span class='ocr_line' id='line_1_28' title="bbox 761 2333 1148 2346; baseline 0 0"><span class='ocrx_word' id='word_1_175' title='bbox 761 2337 795 2341; x_wconf 84' lang='lat'>—·</span> <span class='ocrx_word' id='word_1_176' title='bbox 824 2333 1085 2346; x_wconf 51' lang='grc' dir='ltr'>-υ--υυ--υ</span> <span class='ocrx_word' id='word_1_177' title='bbox 1114 2338 1148 2341; x_wconf 88' lang='grc'>-</span> 
     </span>
     <span class='ocr_line' id='line_1_29' title="bbox 494 2381 539 2391; baseline -0.044 0"><span class='ocrx_word' id='word_1_178' title='bbox 494 2381 539 2391; x_wconf 58' lang='grc' dir='ltr'>η,</span> 
     </span>
     <span class='ocr_line' id='line_1_30' title="bbox 464 2382 1327 2418; baseline -0.009 -1"><span class='ocrx_word' id='word_1_179' title='bbox 464 2382 555 2418; x_wconf 64' lang='grc'>910.</span> <span class='ocrx_word' id='word_1_180' title='bbox 869 2400 1083 2414; x_wconf 56' lang='grc' dir='ltr'>--ψυψ</span> <span class='ocrx_word' id='word_1_181' title='bbox 1113 2405 1146 2408; x_wconf 90' lang='grc'><strong>-</strong></span> <span class='ocrx_word' id='word_1_182' title='bbox 1176 2401 1208 2414; x_wconf 54' lang='grc' dir='ltr'>ψ</span> <span class='ocrx_word' id='word_1_183' title='bbox 1239 2401 1327 2414; x_wconf 49' lang='grc' dir='ltr'>ψ-</span> 
     </span>
     <span class='ocr_line' id='line_1_31' title="bbox 871 2468 1329 2482; baseline 0.002 -1"><span class='ocrx_word' id='word_1_184' title='bbox 871 2468 948 2481; x_wconf 55' lang='grc' dir='ltr'>ψ-</span> <span class='ocrx_word' id='word_1_185' title='bbox 984 2473 1016 2476; x_wconf 89' lang='grc'>-</span> <span class='ocrx_word' id='word_1_186' title='bbox 1052 2473 1084 2477; x_wconf 83' lang='grc'>-</span> <span class='ocrx_word' id='word_1_187' title='bbox 1114 2473 1147 2477; x_wconf 81' lang='lat'>—</span> <span class='ocrx_word' id='word_1_188' title='bbox 1177 2469 1209 2482; x_wconf 59' lang='grc' dir='ltr'>ψ</span> <span class='ocrx_word' id='word_1_189' title='bbox 1240 2469 1329 2482; x_wconf 64' lang='grc' dir='ltr'>υ-</span> 
     </span>
     <span class='ocr_line' id='line_1_32' title="bbox 870 2536 1329 2549; baseline 0 0"><span class='ocrx_word' id='word_1_190' title='bbox 870 2537 948 2549; x_wconf 53' lang='grc' dir='ltr'>ψ--</span> <span class='ocrx_word' id='word_1_191' title='bbox 984 2540 1017 2544; x_wconf 91' lang='lat'><strong>—</strong></span> <span class='ocrx_word' id='word_1_192' title='bbox 1052 2541 1085 2544; x_wconf 96' lang='lat'><strong>—</strong></span> <span class='ocrx_word' id='word_1_193' title='bbox 1114 2541 1147 2544; x_wconf 88' lang='lat'>—</span> <span class='ocrx_word' id='word_1_194' title='bbox 1177 2536 1210 2549; x_wconf 59' lang='grc' dir='ltr'><strong>υ</strong></span> <span class='ocrx_word' id='word_1_195' title='bbox 1240 2537 1329 2549; x_wconf 57' lang='lat' dir='ltr'>x)—</span> 
     </span>
     <span class='ocr_line' id='line_1_33' title="bbox 757 2604 1329 2618; baseline 0 -1"><span class='ocrx_word' id='word_1_196' title='bbox 757 2604 789 2617; x_wconf 56' lang='grc' dir='ltr'>ψ</span> <span class='ocrx_word' id='word_1_197' title='bbox 832 2604 943 2617; x_wconf 43' lang='lat' dir='ltr'>vum</span> <span class='ocrx_word' id='word_1_198' title='bbox 973 2604 1040 2617; x_wconf 52' lang='grc' dir='ltr'>νυ</span> <span class='ocrx_word' id='word_1_199' title='bbox 1115 2605 1210 2618; x_wconf 56' lang='lat' dir='ltr'>xj-</span> <span class='ocrx_word' id='word_1_200' title='bbox 1240 2604 1329 2617; x_wconf 61' lang='grc' dir='ltr'>υ-</span> 
     </span>
     <span class='ocr_line' id='line_1_34' title="bbox 638 2671 1018 2684; baseline 0.003 -6"><span class='ocrx_word' id='word_1_201' title='bbox 638 2674 672 2678; x_wconf 78' lang='lat'><strong>—</strong></span> <span class='ocrx_word' id='word_1_202' title='bbox 703 2674 735 2678; x_wconf 83' lang='lat'>-.</span> <span class='ocrx_word' id='word_1_203' title='bbox 764 2675 796 2680; x_wconf 76' lang='lat'><strong>—</strong></span> <span class='ocrx_word' id='word_1_204' title='bbox 826 2671 950 2684; x_wconf 41' lang='lat' dir='ltr'>vv.-</span> <span class='ocrx_word' id='word_1_205' title='bbox 987 2676 1018 2679; x_wconf 48' lang='lat' dir='ltr'>d</span> 
     </span>
    </p>
   </div>
   <div class='ocr_carea' id='block_1_13' title="bbox 263 2753 1750 2872">
    <p class='ocr_par' dir='ltr' id='par_1_13' title="bbox 263 2753 1750 2872">
     <span class='ocr_line' id='line_1_35' title="bbox 374 2753 1750 2805; baseline 0.004 -16"><span class='ocrx_word' id='word_1_206' title='bbox 374 2753 465 2791; x_wconf 90' lang='lat' dir='ltr'>Ion.</span> <span class='ocrx_word' id='word_1_207' title='bbox 497 2753 590 2790; x_wconf 82' lang='lat'>492.</span> <span class='ocrx_word' id='word_1_208' title='bbox 649 2755 739 2792; x_wconf 89' lang='lat' dir='ltr'>Non</span> <span class='ocrx_word' id='word_1_209' title='bbox 759 2755 799 2791; x_wconf 88' lang='lat' dir='ltr'>in</span> <span class='ocrx_word' id='word_1_210' title='bbox 815 2755 1004 2803; x_wconf 84' lang='lat' dir='ltr'>librarios,</span> <span class='ocrx_word' id='word_1_211' title='bbox 1026 2755 1094 2793; x_wconf 85' lang='lat' dir='ltr'>sed</span> <span class='ocrx_word' id='word_1_212' title='bbox 1115 2756 1155 2792; x_wconf 90' lang='lat' dir='ltr'>in</span> <span class='ocrx_word' id='word_1_213' title='bbox 1167 2755 1332 2794; x_wconf 83' lang='lat' dir='ltr'>editores</span> <span class='ocrx_word' id='word_1_214' title='bbox 1349 2755 1590 2794; x_wconf 82' lang='lat' dir='ltr'>conferamus</span> <span class='ocrx_word' id='word_1_215' title='bbox 1607 2767 1750 2805; x_wconf 87' lang='lat' dir='ltr'>quaeso</span> 
     </span>
     <span class='ocr_line' id='line_1_36' title="bbox 263 2820 1744 2872; baseline 0.005 -17"><span class='ocrx_word' id='word_1_216' title='bbox 263 2820 430 2868; x_wconf 89' lang='lat' dir='ltr'>culpam,</span> <span class='ocrx_word' id='word_1_217' title='bbox 471 2821 574 2869; x_wconf 86' lang='lat' dir='ltr'>quod</span> <span class='ocrx_word' id='word_1_218' title='bbox 615 2821 761 2871; x_wconf 88' lang='lat' dir='ltr'>epodus</span> <span class='ocrx_word' id='word_1_219' title='bbox 803 2822 841 2858; x_wconf 91' lang='lat' dir='ltr'>in</span> <span class='ocrx_word' id='word_1_220' title='bbox 872 2822 953 2860; x_wconf 89' lang='lat' dir='ltr'>Ion.</span> <span class='ocrx_word' id='word_1_221' title='bbox 974 2835 1009 2861; x_wconf 92' lang='lat' dir='ltr'>v.</span> <span class='ocrx_word' id='word_1_222' title='bbox 1033 2822 1112 2860; x_wconf 79' lang='lat'>492</span> <span class='ocrx_word' id='word_1_223' title='bbox 1127 2834 1208 2872; x_wconf 90' lang='lat' dir='ltr'>sqq.</span> <span class='ocrx_word' id='word_1_224' title='bbox 1240 2823 1439 2861; x_wconf 78' lang='lat' dir='ltr'>incondita</span> <span class='ocrx_word' id='word_1_225' title='bbox 1477 2823 1630 2862; x_wconf 81' lang='lat' dir='ltr'>videtur</span> <span class='ocrx_word' id='word_1_226' title='bbox 1660 2835 1744 2863; x_wconf 86' lang='lat' dir='ltr'>esse</span> 
     </span>
    </p>
   </div>
  </div>
 </body>
</html>
