1961 3179
195 219 312 271 [107]
1607 219 1685 259 411

193 335 339 381 mutati,
370 334 516 372 formae
539 335 707 373 Doricae
739 334 904 373 deletae.
964 336 1113 373 Tamen
1145 334 1250 373 haud
1280 335 1415 373 mirum
1449 346 1532 373 esse
1563 337 1689 384 potest

193 414 310 451 saepe
353 403 468 440 etiam
511 402 749 440 differentias
788 406 865 440 tam
905 403 1064 451 exiguas
1104 404 1246 452 quippe
1288 404 1497 451 antiquitus
1527 402 1689 440 traditas

191 471 313 508 libros
358 482 551 518 servasse,
596 473 711 519 atque
758 472 871 509 etiam
916 472 957 508 in
1002 472 1055 509 eis
1099 483 1194 519 quos
1240 471 1517 520 perscrutaturi
1561 482 1690 508 sumus

192 538 375 576 trimetris
425 550 579 587 semper
625 538 706 577 fere
756 540 943 577 sermonis
994 551 1115 588 genus
1165 542 1270 586 recte
1318 539 1523 577 retinuisse
1567 539 1689 577 libros

191 607 406 656 apparebit.
476 607 646 645 Primum
687 610 814 645 autem
861 619 909 646 ex
953 608 1140 647 librorum
1184 608 1410 646 auctoritate
1455 607 1553 645 nihil
1597 607 1690 646 licet

194 675 386 714 concludi.

304 743 446 781 Altera
486 755 601 782 causa
642 755 718 792 qua
764 743 946 791 adducor,
986 746 1028 782 ut
1066 743 1169 783 113110
1210 745 1474 793 (111308110110111
1516 745 1689 791 tractem,

191 812 315 860 posita
346 814 404 849 est
434 812 473 849 in
503 812 678 850 versibus
708 812 872 861 singulis
903 813 1077 861 personis
1107 812 1334 860 tribuendis,
1366 825 1443 861 qua
1472 812 1512 849 in
1541 824 1583 850 re
1614 811 1690 850 huc

190 880 288 918 illuc
319 879 525 918 discedunt
555 880 734 919 editores.
793 881 853 918 Ne
883 880 946 918 hic
978 880 1133 929 quidem
1168 880 1251 918 fieri
1281 883 1420 930 potest,
1461 882 1502 917 ut
1532 879 1689 918 codices

193 959 345 997 semper
376 960 592 997 sequamur,
625 959 711 986 cum
743 951 781 986 et
810 949 1009 986 nonnullis
1040 949 1137 986 10018
1169 948 1270 986 falso
1300 948 1488 986 librorum
1514 959 1690 996 „correc-

190 1017 318 1054 tores“
354 1015 577 1054 addiderint
608 1028 859 1066 personarum
886 1019 996 1054 notas
1019 1019 1057 1054 et
1077 1028 1195 1066 saepe
1216 1017 1412 1055 omiserint
1433 1017 1508 1065 ipsi
1528 1017 1690 1061 librarii,

192 1086 257 1134 qui
297 1085 389 1123 illas
426 1086 640 1133 „lineolas“
675 1086 786 1123 nimis
823 1087 1091 1134 neglegerent.
1150 1086 1300 1123 Tamen
1331 1085 1602 1124 difficillimum
1634 1087 1691 1123 est

190 1154 230 1190 111
261 1155 434 1202 partibus
465 1154 601 1201 lyricis
633 1166 767 1192 versus
798 1157 903 1192 recte
934 1153 1166 1192 distribuere
1197 1154 1298 1191 inter
1328 1165 1393 1191 eas
1424 1165 1523 1201 quae
1550 1154 1691 1191 adsunt

190 1222 230 1258 in
261 1233 402 1260 scaena
432 1234 634 1271 personas,
666 1234 751 1260 cum
784 1223 839 1260 eis
870 1222 979 1270 locis,
1011 1222 1149 1270 quibus
1181 1222 1306 1259 altera
1336 1222 1528 1270 loquatur,
1565 1223 1690 1259 altera

191 1292 321 1337 canat,
367 1292 446 1327 tum
488 1291 654 1328 maxime
695 1291 766 1337 eis,
813 1290 951 1338 quibus
993 1289 1111 1328 choro
1157 1290 1272 1327 tribui
1313 1291 1465 1328 soleant
1504 1289 1691 1327 eiusmodi

190 1359 353 1396 trimetri
390 1370 517 1407 neque
559 1359 642 1396 ullo
683 1359 797 1396 modo
838 1359 1091 1407 seiungantur
1123 1371 1145 1395 a
1176 1358 1351 1396 versibus
1382 1358 1557 1397 cantatis.
1618 1357 1691 1403 Qui

192 1426 424 1475 disponendi
455 1428 571 1475 atque
604 1426 806 1475 digerendi
837 1429 936 1467 sunt.

304 1493 452 1540 Quibus
491 1495 608 1532 rebus
649 1494 839 1532 adductus
879 1495 928 1532 sit
967 1497 1094 1543 poeta,
1136 1497 1177 1532 ut
1217 1495 1348 1543 aliquo
1384 1496 1472 1532 loco
1503 1494 1692 1532 insereret

191 1563 394 1611 senarium,
424 1564 713 1611 nonnumquam
745 1562 849 1600 haud
879 1562 997 1601 facile
1027 1563 1280 1611 intellegitur,
1317 1562 1504 1600 facillime
1536 1562 1690 1610 quidem

190 1631 229 1668 111
261 1630 495 1669 carminibus
525 1631 711 1669 iambicis.
772 1630 919 1676 Quibus
958 1631 998 1668 in
1039 1631 1201 1668 canticis
1238 1631 1339 1668 inter
1370 1643 1520 1668 omnem
1551 1633 1689 1668 metro-

190 1711 273 1737 rum
303 1711 501 1737 numerum
534 1700 646 1737 etiam
678 1699 871 1736 trimetros
900 1699 1062 1748 reperiri
1093 1700 1229 1736 mirum
1260 1711 1337 1736 non
1365 1701 1433 1746 est,
1465 1699 1690 1748 praesertim

192 1779 276 1805 cum
317 1779 433 1817 saepe
474 1767 707 1805 antecedant
747 1770 812 1805 aut
852 1770 1062 1816 sequantur
1103 1768 1170 1805 alii
1210 1768 1387 1815 trimetri,
1428 1768 1494 1816 qui
1525 1767 1690 1815 syllabis

191 1837 406 1885 suppressis
447 1836 605 1885 propius
647 1835 838 1874 accedant
880 1835 930 1873 ad
970 1847 1091 1884 genus
1132 1836 1308 1883 lyricum.
1369 1835 1442 1881 Qui
1484 1848 1507 1872 a
1544 1835 1691 1883 dialogi

191 1905 354 1942 senariis
392 1904 509 1942 facile
550 1904 831 1953 disiunguntur,
873 1915 959 1942 cum
1001 1915 1132 1941 eorum
1174 1915 1279 1942 arses
1316 1915 1395 1941 non
1424 1904 1571 1953 possint
1601 1915 1690 1952 sup-

190 1973 317 2022 primi.
377 1973 503 2009 Etiam
545 1973 590 2019 ei,
633 1973 697 2020 qui
737 1973 888 2009 nullam
934 1971 1079 2009 habent
1119 1971 1314 2019 syllabam
1355 1983 1616 2020 suppressam,
1659 1971 1691 2009 si

190 2043 310 2078 totum
343 2041 535 2078 canticum
567 2043 625 2078 est
656 2040 873 2086 iambicum,
914 2052 937 2077 a
967 2040 1147 2077 trimetris
1183 2039 1232 2077 ad
1263 2039 1463 2088 dialogum
1494 2040 1690 2088 pertinen-

190 2109 303 2156 tibus,
343 2109 409 2157 qui
447 2109 582 2146 inserti
621 2111 719 2156 sunt,
759 2107 863 2146 haud
905 2106 1064 2145 difficile
1106 2110 1369 2145 secernuntur.
1429 2107 1505 2145 Sed
1538 2107 1585 2144 de
1616 2107 1690 2145 hac

190 2189 233 2215 re
273 2179 420 2226 postea.
478 2177 616 2225 Neque
658 2188 750 2214 vero
793 2175 1081 2224 neglegendum
1121 2178 1179 2213 est
1218 2186 1354 2213 versus
1395 2177 1501 2213 certa
1539 2176 1690 2213 ratione

191 2244 267 2282 nisi
306 2244 414 2282 hiatu
455 2247 519 2282 aut
559 2244 715 2292 syllaba
760 2244 919 2292 ancipiti
954 2255 1032 2280 non
1073 2242 1209 2289 dirimi,
1252 2242 1417 2280 maxime
1457 2243 1490 2280 si
1520 2242 1690 2280 eiusdem

191 2312 295 2350 modi
333 2324 468 2350 versus
507 2311 743 2349 antecedunt
783 2312 863 2349 sive
904 2313 1126 2359 sequuntur.
1196 2309 1323 2356 Quare
1365 2311 1468 2347 cauti
1507 2310 1690 2348 debemus

192 2392 288 2428 esse,
317 2392 367 2418 ne
399 2379 557 2429 dialogo
588 2380 801 2418 tribuamus
832 2391 976 2427 versus,
1008 2379 1073 2427 qui
1104 2391 1126 2416 a
1158 2378 1296 2416 ceteris
1326 2378 1461 2426 lyricis
1492 2389 1540 2416 ne
1568 2378 1690 2416 dividi

193 2448 348 2498 quidem
380 2451 484 2487 certe
514 2450 687 2497 possunt.

305 2517 481 2555 Alteram
502 2517 616 2555 etiam
639 2527 724 2554 esse
746 2527 900 2553 causam
920 2516 1178 2553 trimetrorum
1199 2514 1429 2552 insertorum
1450 2526 1498 2552 ex
1518 2514 1690 2563 ipsorum

192 2596 335 2633 genere
379 2585 632 2633 intellegitur,
699 2584 800 2622 Nam
845 2586 887 2621 ut
930 2583 1146 2621 hexametri
1191 2581 1338 2620 heroici
1381 2583 1690 2621 intermiscentur

191 2665 491 2701 nonnumquam,
533 2664 617 2690 cum
658 2664 720 2690 res
751 2653 881 2701 epicas
912 2654 1138 2688 narraturus
1170 2653 1228 2688 est
1256 2652 1382 2699 poeta,
1423 2651 1476 2689 sic
1506 2652 1620 2689 etiam
1650 2652 1691 2688 in

190 2724 301 2770 parte
331 2721 458 2769 lyrica
488 2733 553 2759 eas
583 2732 656 2768 res,
699 2732 799 2768 quac
836 2720 885 2757 ad
916 2719 1135 2757 fabularum
1166 2718 1364 2767 dialogum
1396 2721 1434 2756 et
1463 2718 1513 2756 ad
1544 2719 1691 2768 dialogi

192 2789 381 2826 rationem
438 2790 649 2838 pertinent,
703 2789 886 2826 trimetris
934 2788 1108 2825 iambicis
1157 2798 1315 2824 narrare
1363 2788 1490 2825 solent
1537 2790 1689 2836 poetae.

194 2857 385 2894 Personas
416 2868 484 2895 seu
515 2856 684 2904 chorum,
723 2867 807 2894 cum
844 2856 948 2894 facta
979 2855 1179 2894 enuntient
1209 2854 1345 2893 mediis
1375 2855 1415 2893 in
1445 2855 1689 2904 carminibus,
