1961 3179
747 803 1120 881 Conspectus.

1608 1007 1675 1030 pag.

215 1044 242 1078 Ι.
269 1044 331 1078 De
364 1044 565 1079 canticis
597 1044 886 1088 astrophicis
929 1072 1559 1079 ............
1656 1048 1675 1079 2

312 1111 333 1157 ξ
354 1115 381 1146 1.
419 1112 475 1146 De
501 1112 651 1146 canticis
674 1112 837 1146 iambicis
875 1139 1562 1147 .............
1657 1115 1675 1146 8

314 1169 382 1213 §2
420 1169 476 1203 De
503 1169 652 1203 canticis
677 1169 839 1203 Aeolicis
873 1196 1561 1204 .............
1634 1172 1675 1203 34

313 1226 383 1270 §3.
420 1227 475 1260 De
501 1226 648 1260 canticis
674 1225 894 1260 dochmiacis
932 1253 1562 1261 ............
1633 1229 1675 1260 53

198 1317 243 1351 ΙΙ.
270 1317 332 1352 De
366 1317 592 1351 trimetris
617 1317 832 1352 iambicis
857 1317 977 1352 inter
1000 1321 1154 1361 partes
1178 1317 1352 1362 lyricas
1377 1317 1562 1351 insertis
1614 1320 1675 1352 106

313 1385 333 1429 ξ
354 1389 382 1420 1.
419 1386 475 1420 De
499 1385 680 1430 trimetris,
707 1385 768 1429 qui
791 1389 875 1420 sunt
899 1385 934 1419 in
960 1385 1060 1419 chori
1084 1385 1237 1420 stasimis
1271 1413 1560 1420 ......
1613 1389 1674 1420 109

313 1442 380 1488 §2
419 1442 644 1486 Conspectus
669 1452 792 1477 eorum
817 1442 989 1486 locorum,
1017 1442 1149 1486 quibus
1173 1442 1322 1476 trimetri
1347 1442 1422 1476 sine
1449 1442 1560 1477 dubio

448 1499 596 1543 dialogo
623 1502 707 1533 sunt
730 1499 913 1533 tribuendi
985 1525 1561 1533 ...........
1615 1503 1674 1533 117

313 1555 382 1601 §a
420 1555 488 1597 Qui
521 1556 655 1590 cantati
687 1556 816 1590 sintin
843 1555 991 1590 canticis
1015 1555 1162 1590 alternis
1189 1558 1226 1589 et
1257 1555 1470 1599 astrophicis
1502 1556 1562 1590 tri-

449 1612 554 1646 metri
641 1638 1560 1647 .................
1612 1615 1674 1647 119

312 1669 381 1714 ἕ4.
420 1670 518 1712 Quos
542 1669 855 1713 pronuntiaverint
878 1669 1070 1704 histriones
1095 1669 1276 1703 trimetros
1324 1696 1560 1706 .....
1612 1672 1674 1704 130

175 1759 239 1794 III.
265 1759 328 1795 De
360 1759 576 1795 versibus
610 1759 896 1794 dochmiacis
927 1787 1560 1795 ............
1612 1763 1674 1794 148

311 1828 331 1872 ξ
353 1831 380 1862 1.
416 1828 473 1863 De
497 1828 665 1863 versibus
689 1828 833 1863 creticis
858 1829 892 1862 in
919 1829 1067 1863 canticis
1093 1829 1312 1863 dochmiacis
1383 1857 1390 1863 .
1440 1857 1446 1863 .
1497 1856 1504 1863 .
1553 1856 1559 1863 .
1611 1831 1673 1862 150

311 1886 331 1930 ξ
351 1888 380 1919 2.
418 1885 474 1920 De
499 1885 665 1920 versibus
689 1885 852 1920 iambicis
877 1885 912 1919 in
938 1886 1087 1920 canticis
1113 1885 1333 1920 dochmiacis
1382 1914 1388 1920 .
1440 1913 1446 1919 .
1497 1911 1503 1918 .
1552 1913 1559 1920 .
1612 1888 1672 1919 153

312 1942 381 1987 §3.
418 1942 475 1977 De
501 1942 669 1977 dochmio
695 1942 909 1977 catalectico
928 1970 1559 1979 ............
1611 1945 1674 1976 154

312 1998 380 2044 §4
418 1999 474 2034 De
500 1999 670 2034 dochmio
694 1999 804 2044 pleno
868 2026 1559 2034 .............
1611 2001 1673 2033 156
