1961 3179
267 84 348 122 430
1642 85 1759 137 [126]

268 197 400 235 dicunt
431 194 590 237 Orestes
622 201 659 236 et
678 198 892 248 Iphigenia,
923 199 1126 249 Iphigenia
1156 199 1274 238 habet
1304 202 1514 238 nonnullos
1545 200 1645 240 trim.
1666 201 1760 238 iam-

267 265 386 313 bicos,
427 278 462 303 v,
484 267 577 314 827,
608 267 702 314 836,
738 267 832 314 843,
869 267 962 315 845,
1003 268 1043 305 in
1083 268 1221 316 quibus
1260 267 1317 306 bis
1359 269 1468 317 (827,
1500 267 1597 319 843)
1636 268 1762 318 prima.

267 333 426 380 syllaba
454 333 645 383 producta
675 337 743 373 est.
804 334 878 381 Qui
908 336 1054 373 cantati
1084 347 1169 374 esse
1198 335 1388 383 videntur,
1429 348 1663 385 quamquam
1693 336 1761 385 qui

263 401 427 450 primum
465 413 617 440 versum
658 415 737 441 non
775 414 890 452 posse
930 403 1102 442 locutum
1146 414 1230 442 esse
1273 403 1497 443 histrionem
1538 403 1761 454 sponderet,

266 469 420 518 ineptus
451 472 563 508 esset.

380 606 445 644 El.
479 608 585 644 1177
598 618 682 656 sqq.
740 607 822 645 Iam
849 607 1079 646 accedamus
1100 608 1150 646 ad
1170 609 1349 647 Electrae
1370 609 1546 647 ultimum
1568 609 1761 647 canticum

266 673 369 722 quod
399 675 559 713 alternis
592 675 723 714 dicunt
755 675 904 727 chorus,
934 676 1103 725 Electra,
1135 675 1303 718 Orestes.
1362 677 1421 715 De
1442 677 1616 715 versibus
1643 676 1761 715 doch-

265 742 408 789 miacis,
449 743 513 791 qui
543 743 786 792 antecedunt,
827 746 864 782 et
903 743 950 782 de
990 744 1115 793 primo
1156 744 1398 794 stropharum
1430 745 1516 794 pari
1555 744 1761 783 admodum

267 808 417 848 difficili
457 810 560 848 infra
599 811 872 861 disputandum
910 813 991 860 erit,
1033 811 1107 851 hoc
1136 813 1224 850 loco
1256 812 1354 850 duae
1384 813 1542 850 ultimae
1572 812 1761 851 iambicae

265 877 485 916 inserantur
523 880 665 928 plenae
697 879 853 928 quidem
884 881 1141 918 trimetrorum
1182 881 1247 929 qui
1276 883 1407 918 tamen
1437 880 1535 918 adeo
1567 881 1763 918 coniuncti

268 948 356 984 sunt
397 958 482 984 cum
519 948 682 996 reliquis
718 948 892 986 versibus
933 949 1107 995 cantatis,
1147 951 1188 986 ut
1227 949 1293 985 vix
1331 949 1481 998 possint
1522 948 1659 988 dirimi.
1717 949 1763 986 In

267 1015 395 1063 priore
428 1014 587 1064 stropha
615 1015 771 1054 Orestes
801 1015 919 1054 habet
950 1028 1018 1054 sex
1048 1019 1169 1054 metra
1200 1017 1438 1055 continuata:
1469 1017 1572 1055 trim.
1591 1018 1761 1066 plenum,

265 1082 363 1119 trim.
394 1083 674 1131 catalecticum,
706 1083 845 1121 deinde
877 1084 1048 1132 quinque
1078 1087 1211 1131 metra,
1252 1096 1413 1133 quorum
1444 1085 1568 1134 prima
1598 1085 1762 1132 syllabis

265 1151 480 1199 suppressis
521 1151 679 1200 propius
720 1151 911 1189 accedunt
947 1152 997 1189 ad
1028 1164 1149 1201 genus
1189 1153 1384 1199 melicum3
1424 1151 1538 1190 finem
1577 1151 1763 1191 facientia

266 1218 409 1256 senarii
458 1219 625 1268 speciem
675 1219 874 1268 praebent.
948 1219 1095 1258 Chorus
1146 1219 1303 1258 exhibet
1346 1221 1483 1259 iterum
1528 1232 1596 1258 sex
1640 1223 1763 1258 metra

264 1286 440 1333 iambica,
472 1298 571 1335 quae
602 1287 738 1325 eodem
768 1287 881 1326 modo
914 1287 1106 1326 disiuncta
1137 1291 1235 1335 sunt,
1266 1291 1308 1326 ut
1328 1290 1428 1326 alter
1448 1300 1581 1327 versus
1601 1289 1761 1338 integer,

265 1355 366 1392 alter
405 1354 587 1393 brevibus
629 1356 844 1405 suppressis
883 1357 1055 1394 variatus
1096 1357 1154 1395 sit.
1212 1356 1371 1405 Longae
1407 1358 1558 1395 solutae
1593 1369 1672 1395 non
1701 1369 1761 1395 re-

266 1422 468 1471 spondent,
498 1423 635 1461 breves
666 1426 792 1461 autem
824 1435 954 1462 omnes
984 1424 1157 1473 integrae
1188 1427 1285 1462 sunt.

380 1490 641 1529 Librariorum
672 1503 822 1529 errores
853 1503 984 1530 omnes
1013 1491 1094 1530 fere
1122 1491 1319 1531 Seidlerus
1348 1492 1549 1541 ingeniose
1580 1493 1763 1542 cognovit

270 1560 307 1595 et
337 1559 513 1596 correxit.

379 1627 425 1663 In
454 1627 591 1665 ultima
631 1627 789 1677 stropha
820 1626 975 1667 Orestes
1015 1627 1132 1667 habet
1163 1631 1309 1678 septem
1339 1631 1471 1669 metra.
1529 1629 1665 1667 Utrum
1695 1629 1761 1667 tri-

268 1696 409 1732 metrus
443 1695 547 1732 1221
590 1698 695 1733 recte
734 1696 970 1744 seiungatur,
1012 1697 1200 1734 incertum
1240 1700 1297 1735 est
1340 1698 1428 1746 (ego
1458 1697 1590 1735 malim
1620 1693 1761 1749 ἐμαῖσι

269 1761 480 1800 secundum
530 1762 683 1801 codices
735 1766 773 1801 ct
821 1765 861 1801 in
910 1765 1057 1802 antis⁴r.
1106 1762 1337 1805 πέπλοισ<ι
1384 1762 1507 1814 καὶὴ.
1580 1765 1761 1802 Electrae

269 1833 449 1878 quattuor
488 1831 605 1869 iambi
635 1832 862 1880 tribuuntur,
904 1832 1022 1871 choro
1053 1845 1152 1871 unus
1182 1845 1327 1881 versus,
1369 1834 1435 1882 qui
1475 1833 1576 1871 alius
1607 1833 1760 1882 generis

268 1909 351 1936 esse
381 1898 544 1937 videtur.

380 2034 479 2073 Hel.
511 2035 604 2075 368.
662 2035 789 2074 Etiam
831 2036 870 2073 in
900 2036 988 2076 Hel.
1020 2036 1143 2086 primo
1174 2038 1289 2074 cant-u
1320 2037 1471 2074 alterno
1503 2036 1682 2084 editores,
1721 2038 1762 2073 ut

266 2114 418 2152 semper
447 2102 539 2150 fere,
568 2103 783 2141 trimetrum
814 2104 1014 2153 seiungere
1045 2105 1172 2142 solent
1201 2116 1236 2143 V.
1261 2105 1352 2152 368,
1382 2115 1625 2153 nequaquam
1655 2105 1762 2142 certa

266 2171 426 2218 ratione,
457 2182 542 2209 cum
572 2170 636 2209 hic
667 2170 865 2210 dimetrus:
905 2180 1266 2214 υνυ-ῡυ-ν-
1304 2172 1519 2211 antecedat.

381 2306 550 2344 Phoen.
583 2307 675 2344 302.
734 2307 780 2344 In
808 2309 963 2345 cantata
982 2307 1163 2346 monodia
1185 2308 1377 2355 continua,
1407 2310 1485 2346 tam
1505 2309 1625 2356 longa
1645 2319 1760 2357 quam

268 2372 413 2412 Phoen.
441 2374 522 2411 302
536 2386 617 2423 sqq.
657 2374 881 2413 histrionem
920 2387 1066 2425 paucos
1106 2387 1239 2414 versus
1279 2376 1377 2423 305,
1420 2376 1514 2425 327,
1556 2376 1654 2424 338,
1694 2375 1761 2425 qui

267 2440 365 2479 forte
404 2442 568 2480 trimetri
606 2442 762 2480 iambici
801 2442 962 2480 formam
1002 2443 1201 2491 haberent,
1242 2445 1412 2482 locutum
1452 2455 1538 2482 esse
1576 2444 1661 2492 quis
1693 2445 1760 2491 est,

268 2509 334 2556 qui
374 2509 604 2548 arbitretur?
668 2511 763 2548 Rem
804 2511 1001 2549 metricam
1042 2523 1126 2549 cum
1167 2512 1432 2561 respiciamus,
1477 2512 1619 2560 optime
1659 2523 1761 2549 nova

268 2577 459 2613 sententia
497 2577 755 2626 periodusque
798 2590 820 2615 a
861 2579 1012 2616 senario
1055 2578 1262 2627 exorditur,
1302 2580 1342 2617 in
1382 2582 1470 2617 acta
1508 2579 1644 2617 fabula
1681 2590 1760 2616 non

267 2643 391 2691 potuit
422 2644 523 2681 alter
553 2655 685 2682 versus
709 2645 834 2682 dirimi
856 2645 903 2682 ab
925 2646 1059 2683 altero.
1118 2647 1248 2695 Atque
1271 2647 1385 2684 etiam
1406 2646 1469 2684 hic
1492 2646 1655 2694 syllabis
1675 2646 1757 2683 ubi-

269 2722 342 2760 que
363 2711 545 2749 brevibus
565 2723 627 2750 res
649 2711 903 2751 confirmatur.
953 2714 1013 2751 De
1034 2714 1166 2763 primis
1188 2715 1362 2761 versibus
1383 2715 1459 2752 iam
1482 2725 1599 2764 supra
1619 2713 1671 2764 (p.
1690 2714 1757 2763 93)
