1961 3179
175 87 290 137 [123]
1586 81 1668 124 427

174 200 365 240 canticum
406 200 561 249 egregie
591 199 814 248 illustravit,
855 199 947 238 mihi
987 200 1188 250 persuasit,
1226 202 1268 237 ut
1297 198 1575 248 Amphitryoni
1605 209 1671 236 cos

174 268 318 316 demus,
350 268 422 306 etsi
451 268 664 318 simplicius
690 290 746 296 --
772 267 878 317 quod
907 268 1002 307 miro
1033 267 1146 306 modo
1178 279 1290 306 nemo
1323 267 1511 306 editorum
1543 267 1670 305 conie-

173 337 227 376 cit
255 359 310 364 ——-
341 337 397 375 eis
426 337 612 386 personis,
644 337 769 386 quiin
789 336 950 375 aedibus
972 339 1070 384 sunt,
1100 336 1331 387 tribuuntur,
1360 336 1505 386 primus
1525 334 1672 382 liberis,

174 406 276 444 alter
304 405 516 454 tertiusque
547 405 742 454 Megarae.
801 404 878 443 Sed
908 405 984 443 iam
1023 404 1123 443 haec
1163 405 1356 442 mittamus
1396 406 1434 441 et
1469 402 1519 441 ad
1548 403 1671 452 ipsam

174 485 255 512 rem
284 473 499 511 redeamus.

287 542 443 581 Wilam.
465 542 579 579 etiam
610 554 645 579 v.
669 541 749 579 905
776 540 1052 591 Amphitryoni
1082 541 1226 587 tribuit,
1257 541 1369 578 nulla
1399 539 1553 589 quidem
1583 551 1671 589 pro-

173 610 296 648 babili
325 621 452 657 causa,
490 621 575 647 cum
607 609 852 659 coryphaeus
884 610 1026 658 optime
1064 621 1149 647 eum
1179 609 1373 657 loquatur.
1433 607 1555 653 Quem
1586 619 1673 645 ver-

175 689 259 716 sum
291 677 549 716 excidendum
581 689 664 716 esse
696 690 744 715 ex
774 678 925 726 reliquo
948 678 1111 724 cantico,
1142 677 1218 714 iam
1240 688 1355 714 sensu
1378 676 1672 721 demonstratur,

175 757 262 784 cum
301 745 409 784 chori
448 746 568 784 verba
603 745 651 783 de
683 757 774 784 sene
806 746 1032 794 quaerentia
1061 746 1318 793 interrumpat
1357 747 1395 782 et
1426 745 1593 781 animum
1624 743 1674 781 ad

174 813 291 852 aedes
322 817 545 852 corruentes
587 813 771 862 adducat,
811 825 939 863 neque
978 825 1072 852 vero
1114 825 1200 851 eum
1240 812 1357 850 fuisse
1399 814 1594 850 cantatum
1625 823 1674 849 ex

174 881 299 920 forma
329 882 589 931 intellegitur:

176 1042 304 1088 Quare
338 1041 560 1091 coryphaeo
591 1041 821 1080 tribuendus
853 1044 920 1088 est,
952 1041 1019 1090 qui
1050 1053 1136 1079 cum
1166 1040 1306 1078 viderit
1336 1039 1452 1077 aedes
1475 1038 1606 1086 deleri,
1635 1038 1675 1075 id

175 1110 293 1149 choro
324 1111 509 1159 enuntiat,
541 1110 607 1159 qui
636 1113 715 1148 tum
748 1110 878 1148 denuo
910 1112 1068 1148 cantare
1100 1109 1239 1158 coepit.

288 1179 334 1219 V.
356 1179 449 1225 896,
491 1190 605 1226 quem
635 1178 726 1215 Wil.
747 1177 1029 1226 Amphitryoni
1066 1177 1213 1224 tribuit,
1253 1178 1380 1214 utrum
1422 1177 1597 1213 cantatus
1627 1187 1676 1212 an

174 1246 444 1296 pronuntiatus
474 1247 534 1293 sit,
566 1248 670 1284 certe
692 1245 901 1283 diiudicare
922 1257 1001 1282 non
1021 1247 1158 1294 potest.
1218 1243 1292 1290 Qui
1310 1243 1538 1282 referendus
1559 1244 1618 1281 est
1636 1243 1677 1279 in

175 1326 376 1352 numerum
406 1325 538 1352 eorum
568 1314 773 1362 dictorum,
815 1325 914 1362 quae
958 1324 1044 1350 cum
1075 1313 1270 1351 senarium
1300 1324 1379 1349 non
1410 1312 1611 1360 expleant,
1654 1322 1676 1347 a

177 1382 296 1420 choro
327 1382 382 1420 ita
413 1382 699 1429 continuantur,
735 1384 777 1419 nt
807 1383 873 1419 aut
903 1382 1044 1430 plenus
1076 1381 1269 1418 trimetrus
1310 1382 1375 1417 aut
1415 1379 1514 1416 alius
1543 1389 1678 1416 versus

177 1449 376 1489 efficiatur.
436 1449 564 1496 Quare
594 1448 698 1487 illud
729 1445 858 1489 δάιον
887 1444 991 1489 τόδε
1031 1460 1074 1486 re
1114 1449 1274 1486 metrica
1313 1450 1395 1485 arte
1432 1447 1677 1485 coniunctum

178 1521 236 1556 est
266 1530 351 1557 cum
381 1517 680 1567 Amphitryonis
710 1517 839 1556 verbis
870 1529 998 1566 neque
1027 1529 1074 1565 v.,
1106 1517 1170 1565 qui
1202 1516 1320 1554 statui
1349 1516 1467 1553 solet:

480 1603 609 1648 δάιον
639 1600 744 1648 τόδε
777 1600 906 1647 δάιον
936 1604 1069 1659 μέλος
1101 1603 1377 1654 ἐπαυλεῖται,

179 1701 264 1738 ullo
295 1696 413 1738 modo
444 1699 601 1737 recitari
629 1701 767 1749 potest.
827 1697 935 1744 Quae
976 1709 1062 1736 cum
1102 1694 1300 1744 faciamus,
1339 1696 1584 1734 verisimilius
1621 1698 1680 1734 est

177 1767 504 1818 Amphitryonem
540 1768 711 1805 locutum
743 1778 827 1805 esse
859 1766 962 1804 hunc
993 1777 1146 1804 versum
1178 1763 1567 1813 (υ-ψ-ι--υ),
1608 1764 1679 1802 etsi

177 1837 352 1885 reliquae
392 1836 696 1874 exclamationes
736 1837 914 1874 cantatae
954 1836 1053 1872 sunt.
1113 1832 1220 1879 Quae
1252 1835 1382 1871 tamen
1410 1833 1451 1870 in
1481 1833 1570 1871 colo
1600 1834 1679 1870 tam

177 1905 289 1944 brevi
319 1904 437 1946 dubia
468 1905 601 1954 sunt.1)

293 2015 321 2059 ¹)
346 2014 388 2049 In
412 2014 519 2049 Herc.
545 2025 578 2049 v.
599 2016 787 2058 1184sqq.‚
813 2012 876 2048 ubi
900 2012 1046 2048 Theseo
1071 2022 1239 2047 versuum
1263 2011 1364 2046 initia
1387 2011 1602 2055 tribuuntur,
1635 2021 1679 2046 ex

179 2072 304 2107 ultima
327 2071 437 2117 longa
461 2071 532 2106 arsi
549 2066 715 2116 (εὔφημα
732 2065 860 2114 φώνει.
886 2061 916 2103 ὦ
934 2065 1038 2104 δεινὰ
1055 2067 1171 2111 λέξας,
1199 2069 1232 2102 τί
1250 2063 1337 2112 φής-ς
1364 2068 1397 2102 τί
1415 2063 1569 2112 δράσας)
1593 2067 1680 2102 nihil

179 2129 397 2164 concludere
422 2138 627 2172 possumus,
653 2127 721 2162 etsi
744 2127 812 2162 hos
839 2137 984 2171 quoque
1009 2136 1137 2161 versus
1161 2125 1304 2160 locutus
1330 2128 1384 2160 est
1406 2124 1542 2160 histrio.
1590 2124 1679 2158 Nam

178 2189 303 2230 potest
327 2185 461 2220 deduci
484 2184 629 2230 syllaba
651 2184 760 2228 longa
786 2194 805 2218 e
829 2183 942 2218 totius
967 2194 1095 2218 versus
1126 2186 1253 2217 natura
1285 2182 1347 2226 qui
1372 2181 1600 2225 iambelegus
1626 2183 1681 2216 est

180 2246 217 2278 et
251 2243 349 2277 illam
384 2242 530 2288 longam
572 2244 654 2277 ante
696 2241 858 2276 membra
889 2240 1122 2276 anaclomena
1152 2239 1247 2274 solet
1282 2239 1468 2283 praebere.
1527 2237 1580 2273 Cf.
1603 2238 1679 2272 Ion.

178 2311 213 2334 v.
241 2302 337 2343 1441,
365 2299 427 2344 qm·
451 2309 472 2334 a
496 2299 633 2335 Creusa
658 2301 838 2333 cantatur:

667 2388 702 2401 υ
714 2387 1068 2401 --------
1079 2385 1205 2401 xjx-1·—

180 2447 233 2483 Cf.
260 2447 367 2483 etiam
392 2458 450 2482 vv.
470 2457 560 2492 sqq„
587 2456 679 2491 quos
705 2445 865 2480 editores
890 2444 1083 2480 falsissime
1109 2444 1272 2479 dividere
1299 2443 1428 2487 solent,
1455 2453 1535 2478 cum
1554 2443 1679 2478 eadem

181 2505 319 2540 ratione
366 2503 539 2539 metiendi
585 2503 674 2538 sint:
719 2522 934 2537 ψψψψψ
960 2515 967 2536 :
992 2522 1298 2536 ψψψψψψψ
1312 2529 1319 2545 ,
1367 2500 1465 2535 idem
1504 2511 1538 2535 v.
1578 2503 1680 2535 1483:

181 2573 430 2597 v—Q--z
455 2580 853 2595 ---------
894 2557 954 2602 (cf.
989 2558 1095 2592 Herc.
1132 2558 1246 2601 1184).
1309 2557 1389 2598 Quo
1429 2557 1570 2592 cantico
1609 2567 1681 2591 non

181 2628 323 2662 semper
347 2621 419 2652 tam
442 2616 550 2651 facile
575 2616 795 2651 senariorum
819 2614 1020 2659 fragmenta
1043 2614 1215 2658 coniungi
1240 2624 1321 2648 cum
1345 2613 1504 2648 numeris
1530 2613 1682 2648 cantatis

183 2675 459 2710 demonstratur.
485 2673 530 2708 cf.
557 2672 650 2707 enim
674 2674 826 2716 v.1497,
858 2671 927 2706 etsi
959 2681 1012 2715 sq.
1039 2674 1232 2715 corruptus
1257 2673 1325 2714 est,
1357 2669 1530 2716 imprimis
1563 2673 1682 2706 autem

183 2742 219 2768 v.
248 2734 344 2776 1501,
370 2730 433 2776 qui
455 2740 501 2765 ne
526 2729 571 2765 ab
596 2728 668 2764 arsi
692 2728 840 2774 quidem
864 2727 1023 2774 incipiat.
