1961 3179
256 184 335 227 350
1658 175 1747 243 [46]

253 303 397 340 Versus
446 302 562 350 igitur
611 301 797 351 quinque,
854 302 919 351 qui
967 303 1115 341 initium
1165 301 1325 351 faciunt,
1381 302 1497 341 iidem
1546 304 1635 340 sunt
1683 302 1750 351 qui

253 371 387 408 ultimi.

367 507 466 544 Hel.
503 507 595 544 515.
655 506 937 544 Difficillimum
975 509 1031 545 est
1067 507 1258 545 canticum
1295 506 1402 545 chori
1437 506 1555 544 breve
1590 506 1631 543 in
1661 506 1749 546 Hel.

253 586 287 611 V.
311 574 408 612 515:

458 643 551 680 515.
795 635 968 694 ἥκουσα
998 641 1078 690 τᾶς
1108 640 1370 695 θεσπιῳδοῦ
1400 636 1537 693 κόρας

595 702 621 749 ἃ
648 701 848 763 χρῄζουσ)
880 705 1019 763 ἐφάνη
1048 709 1087 749 'v
1116 706 1392 761 tvooivz’ocg‘)

594 774 745 828 δόμοις
776 769 836 826 ὥς
866 776 1094 826 Μενέλαος
1125 772 1257 818 οὕποο

793 844 1044 899 μελαμφαὲς
1074 843 1238 899 οἰχεται

1069 906 1124 954 δι’
1165 910 1312 967 ἔρεβος
1345 912 1476 966 χθονὶ
1518 911 1749 965 κρυφθείς,

459 995 551 1033 520.
593 992 687 1034 ἀλλ’
716 990 781 1034 ἔτι
811 992 908 1034 κατ’
937 989 1051 1047 οἶδμ’
1083 986 1208 1034 ἅλιον

592 1057 861 1115 τρυχόμενος
892 1061 947 1102 οὐ
976 1061 1207 1114 λιμένωυῖ)

1068 1125 1280 1182 ψαύσειεν
1310 1127 1497 1182 ,πατρίας
1527 1128 1605 1181 γᾶς

796 1197 976 1253 ἀλατείᾳ
1005 1193 1162 1247 βιότου

593 1264 871 1318 ταλαίφρων,
905 1259 1061 1317 ἄφιλος
1092 1264 1237 1317 φίλων

460 1346 552 1385 525.
594 1344 872 1395 παντοδαπθ)
905 1375 1171 1385 .........

597 1446 604 1454 .
630 1445 637 1453 .
663 1446 670 1453 .
700 1409 1025 1467 χριμπτόμενος
1055 1410 1236 1466 εἰναλίῳ

1068 1477 1199 1536 κώπᾳ
1236 1476 1438 1534 Τρῳάδος
1469 1477 1518 1519 ἐκ
1548 1479 1638 1532 γᾶς.

368 1562 536 1609 Numeri,
567 1562 632 1610 qui
663 1561 817 1610 quidem
846 1562 887 1598 in
917 1561 1067 1599 cantico
1090 1563 1268 1609 corrupto
1292 1561 1586 1609 cognoscantur,
1618 1558 1752 1608 optimi

255 1633 353 1668 sunt.
422 1630 635 1668 Iambicum
674 1632 732 1668 est
771 1630 1024 1679 prooemium,
1071 1628 1210 1667 deinde
1251 1628 1325 1667 duo
1366 1639 1501 1666 versus
1540 1628 1752 1675 sequuntur

255 1698 366 1736 huius
396 1697 558 1736 formae:

801 1772 1195 1786 ---------

255 1835 397 1872 Iterum
428 1846 499 1884 par
530 1836 692 1872 metrum
722 1833 868 1872 habent
899 1834 980 1871 520
993 1845 1064 1882 sq.:

823 1931 1164 1945 QQQQQQQQ
1181 1943 1189 1960 ’

257 1994 321 2041 qui
352 1993 638 2032 circumdantur
668 1993 858 2032 versibus:

257 2267 322 2315 qui
351 2267 515 2316 primum
545 2266 629 2313 hoc,
661 2265 801 2304 deinde
831 2268 975 2304 mutato
1007 2265 1141 2303 ordine
1171 2265 1287 2314 positi
1313 2267 1411 2302 sunt.

256 2376 378 2412 fertur.
434 2376 626 2422 Ingeniosa
657 2379 776 2412 autem
807 2377 926 2412 Herm.
962 2371 1102 2420 νυχεύω
1140 2386 1222 2410 em.:
1262 2374 1455 2419 „Lacrimis
1490 2376 1634 2409 noctem
1669 2382 1749 2418 ago,

255 2433 411 2468 lacrimis
437 2433 602 2468 delector
627 2433 722 2468 diem
748 2434 794 2469 de
819 2433 910 2468 die.“

370 2490 399 2533 ⁴)
424 2502 489 2535 περ
520 2485 600 2523 ποτ’
634 2490 791 2525 absurde
822 2489 914 2524 libri.
969 2488 1107 2524 Reiske
1140 2499 1205 2524 em.
1238 2489 1270 2522 A
1303 2487 1523 2532 querimonia
1555 2485 1750 2521 deflectere

259 2545 303 2579 ad
329 2546 548 2581 deminutam
572 2547 695 2592 regiae
712 2547 861 2591 virginis
878 2547 1099 2581 maiestatem
1117 2549 1158 2580 ut
1174 2545 1392 2589 feminarum,
1417 2544 1467 2579 ita
1483 2542 1668 2588 Euripidis
1685 2545 1749 2578 est.

371 2604 398 2645 1)
424 2598 457 2636 ἰ·
481 2603 563 2638 add.
588 2604 761 2638 Badham.
809 2599 963 2649 χρήσασ’
988 2603 1155 2648 Dindorf,
1179 2602 1332 2638 fortasse
1356 2604 1466 2636 recte.

370 2660 397 2702 ²)
423 2660 521 2694 Libri
546 2655 661 2694 οῧῑτω.
709 2660 820 2695 Badh.
847 2671 912 2695 em.
962 2659 1013 2694 Cf.
1034 2663 1109 2694 517.

371 2716 397 2759 3)
423 2716 565 2750 Lacuna
589 2717 758 2761 suppleta
782 2717 818 2750 in
842 2716 942 2751 libris
966 2716 1087 2751 verbis
1112 2716 1243 2760 ineptis
1274 2712 1331 2749 ἐπὶ
1363 2718 1431 2759 γᾶς
1460 2708 1558 2749 πόδα
1583 2712 1645 2758 (cf.
1670 2715 1747 2756 522,

259 2772 350 2816 527).
398 2772 454 2806 De
480 2772 730 2808 emendatione
755 2773 922 2817 despero,
949 2783 1029 2807 cum
1053 2783 1098 2807 ne
1130 2775 1283 2807 metrum
1316 2771 1463 2816 quidem
1496 2772 1633 2805 certum
1666 2779 1747 2803 esse

257 2827 434 2863 videatur.
