1961 3179
262 126 342 162 312
1692 123 1750 174 [8]

261 238 412 276 cantica
443 249 487 275 eo
520 236 631 274 modo
665 235 796 282 dividi,
827 235 895 274 sed
926 236 1029 285 apud
1058 237 1183 286 ipsum
1214 236 1437 286 Euripidem
1468 237 1509 274 in
1539 237 1640 275 omni
1670 236 1752 275 fere

259 308 370 354 parte
400 305 526 352 lyrica
556 304 709 352 singula
739 306 861 341 metra
891 304 988 342 adeo
1019 307 1107 343 sunt
1139 306 1342 352 cumulata,
1377 308 1418 342 ut
1447 308 1567 343 totum
1598 317 1753 344 carmen

261 385 309 411 ex
338 374 383 410 113
414 372 600 421 possimus
620 371 830 409 nominare.
889 371 935 409 In
961 373 1043 410 illis
1063 372 1250 410 videlicet
1271 372 1549 411 dissertationis
1569 373 1753 422 partibus,

260 441 397 489 quibus
427 439 474 477 de
507 438 642 477 eodem
672 441 879 477 metrorum
900 451 1041 488 genere
1062 440 1311 489 disputamus,
1341 440 1561 478 fabularum
1582 443 1753 479 actarum

261 511 435 557 tempora
455 519 671 556 sequamur,
694 519 793 557 quae
813 508 853 545 in
874 508 1097 547 universum
1119 520 1166 546 ex
1186 509 1475 546 Wilamowitzii
1496 509 1754 559 disputatione

260 578 366 615 certa
395 577 495 616 sunt.

962 690 1050 740 §L

370 770 605 819 Incipiamus
640 770 758 818 igitur
788 783 811 808 a
841 770 1073 808 carminibus
1114 769 1348 818 iambicis,
1388 771 1429 808 in
1469 771 1607 819 quibus
1639 782 1755 821 supra

259 838 421 876 diximus
451 837 766 886 distinguendum
796 849 890 885 esse,
921 841 1046 876 utrum
1076 841 1199 877 metra
1223 838 1486 888 respondeant
1506 852 1556 877 an
1578 839 1755 888 singulae

257 907 450 954 syllabae.
509 907 719 955 Utriusque
761 907 860 944 enim
900 906 1047 944 formae
1089 908 1270 956 exempla
1309 907 1412 956 apud
1443 907 1669 956 Euripidem
1697 908 1753 945 in-

258 975 473 1012 veniuntur.

370 1043 538 1080 Primum
570 1042 675 1090 quod
704 1043 917 1092 reperimus
949 1043 1139 1081 canticum
1181 1043 1386 1080 iambicum
1426 1044 1593 1081 solutum
1629 1046 1687 1082 est
1715 1044 1756 1081 in

257 1110 358 1148 Med.
379 1123 413 1147 v.
437 1110 517 1147 204
532 1122 615 1159 sqq.
671 1110 783 1156 Quod
814 1111 852 1147 in
883 1111 1084 1149 Alcestide
1124 1112 1273 1148 nullum
1306 1114 1432 1149 exstat
1462 1112 1693 1160 exemplum,
1723 1112 1756 1150 is

258 1191 335 1216 non
371 1179 581 1229 mirabitur,
618 1179 683 1227 qui
713 1178 924 1216 Alcestidis
961 1178 1132 1216 fabulam
1169 1181 1210 1216 ut
1246 1179 1452 1226 satyricam
1488 1180 1585 1217 sciat
1614 1181 1756 1228 longas

256 1250 385 1295 partes
417 1247 658 1295 astrophicas
681 1239 777 1284 'non
818 1247 1017 1284 continere
1057 1247 1130 1284 nisi
1167 1246 1436 1285 difficillimam
1468 1249 1754 1285 cantiunculam

256 1314 347 1352 inde
379 1327 411 1352 3.
433 1327 467 1354 v.
491 1315 570 1351 266
613 1314 676 1364 ((16
714 1327 789 1363 qua
829 1316 992 1363 postea),
1033 1316 1114 1354 scil.
1138 1318 1290 1363 praeter
1329 1318 1561 1365 anapaestos
1601 1317 1756 1365 saepius

257 1383 431 1431 insertos,
463 1383 600 1430 quibus
630 1384 671 1420 in
700 1383 895 1420 veteribus
924 1383 1137 1431 tragoediis
1168 1386 1306 1432 poetae
1327 1384 1492 1432 spatium
1515 1384 1607 1422 dare
1629 1384 1756 1422 solent

257 1452 376 1487 multo
418 1451 539 1488 maius
580 1463 693 1499 quam
734 1451 773 1487 in
814 1451 1105 1490 recentioribus,
1165 1451 1293 1496 Quare
1330 1451 1521 1500 quomodo
1553 1452 1756 1500 Euripides

257 1519 336 1556 illis
375 1520 611 1567 temporibus
652 1520 823 1556 6311111113
863 1520 992 1556 3011113
1034 1520 1309 1568 composuerit,
1350 1531 1398 1556 ex
1438 1532 1514 1556 una
1553 1519 1756 1558 Alcestide

258 1598 337 1623 non
381 1586 503 1624 audeo
550 1586 779 1633 diiudicare,
821 1599 906 1625 cum
952 1600 1035 1625 eam
1079 1588 1153 1624 iam
1202 1587 1363 1625 dixerim
1408 1599 1484 1624 non
1529 1600 1642 1637 posse
1686 1600 1756 1626 nos

258 1655 381 1691 metiri
416 1666 494 1691 una
529 1655 678 1703 pertica
715 1667 799 1692 611111
835 1656 1005 1703 reliquis.
1067 1654 1174 1700 Quae
1207 1667 1291 1692 cum
1323 1656 1377 1692 ita
1407 1666 1447 1692 se
1469 1654 1649 1703 habeant,
1679 1668 1758 1693 non

257 1722 497 1771 regredimur
527 1724 566 1759 in
598 1723 869 1771 cognoscenda
897 1726 1038 1772 poetae
1080 1726 1163 1760 arte
1192 1725 1295 1760 ultra
1325 1723 1512 1770 Medeam,
1554 1722 1578 1762 i.
1601 1736 1632 1761 e.
1654 1725 1757 1761 ultra

258 1802 400 1827 annum
437 1791 548 1837 431.‚
593 1794 659 1828 aut
695 1792 861 1839 priorem
891 1792 1149 1839 Hippolytum
1180 1803 1258 1828 non
1297 1792 1418 1829 multo
1461 1794 1551 1829 ante
1591 1791 1756 1841 doctum,

259 1858 362 1906 quod
394 1859 548 1907 quidem
580 1871 628 1896 ex
657 1859 791 1896 fabula
822 1859 975 1906 tradita,
1017 1871 1115 1908 quae
1152 1859 1267 1897 fuerit
1296 1860 1460 1909 pristina
1489 1859 1623 1908 forma,
1654 1861 1757 1899 coni-

259 1938 416 1965 ciamus.

370 2040 482 2078 Med.
515 2041 606 2080 204.
671 2040 833 2079 Medeae
874 2053 1025 2088 versus,
1068 2041 1116 2079 de
1157 2042 1294 2090 quibus
1334 2043 1466 2091 primis
1507 2042 1756 2090 disputamus‘

257 2107 371 2146 finem
410 2108 557 2146 faciunt
593 2109 751 2157 paredo,
794 2109 825 2147 si
855 2109 1010 2157 quidem
1039 2109 1229 2158 parodum
1268 2110 1362 2147 licet
1392 2121 1534 2148 vocare
1566 2111 1757 2148 canticum

257 2176 367 2223 illud,
410 2176 514 2224 quod
555 2177 715 2214 alternis
757 2177 889 2214 dicunt
918 2177 1072 2225 Medea,
1115 2177 1265 2225 chorus,
1304 2178 1444 2225 nutrix,
1485 2189 1560 2226 quo
1601 2179 1758 2216 insolita

257 2245 405 2282 ratione
446 2246 647 2293 prologum
690 2245 888 2282 coniunxit
926 2248 1042 2294 poeta
1084 2258 1169 2283 cum
1210 2246 1334 2294 primo
1371 2246 1556 2295 episodio.
1615 2247 1756 2284 Totum

260 2324 415 2350 carmen
444 2313 484 2349 in
514 2313 735 2350 universum
767 2324 815 2350 ex
845 2314 1065 2361 anapaestis
1097 2316 1258 2361 constat,
1290 2313 1398 2351 chori
1418 2313 1546 2352 verbis
1567 2315 1757 2352 nonnulla

260 2383 381 2417 metra
421 2381 603 2428 Aeolica,
645 2382 710 2418 vel
750 2381 864 2418 etiam
905 2381 1070 2418 iambica
1108 2382 1253 2418 inserta
1293 2384 1391 2419 sunt.
1459 2381 1588 2430 Epodi
1623 2393 1756 2420 versus

262 2448 341 2484 204
358 2459 439 2496 sqq.
480 2447 687 2486 falsissime
733 2449 859 2487 solent
901 2448 1026 2486 dirimi
1067 2449 1114 2486 ab
1156 2448 1379 2486 editoribus.
1436 2448 1615 2487 Suaviter
1654 2450 1756 2487 enim

261 2518 382 2553 metra
412 2516 631 2564 decurrunt,
664 2516 869 2555 dummodo
901 2516 976 2555 hac
1006 2517 1156 2555 ratione
1186 2527 1319 2555 versus
1350 2516 1610 2566 seiungamus:

532 2613 658 2670 ἰαχὰν
689 2613 788 2657 ἄιον
818 2613 1107 2657 πολύστονον

467 2685 557 2722 205.
601 2681 722 2737 γόων
753 2679 910 2737 λιγυρὰ
941 2680 978 2724 d'
1011 2679 1111 2737 ἄχεα
1142 2680 1308 2738 μογερὰ

668 2752 752 2801 βοᾷ
784 2748 865 2792 τὸν
896 2749 942 2791 ὲν
973 2750 1084 2805 λέχει
1114 2748 1346 2805 προδόταν
1376 2748 1681 2806 κακόνυμφον·
