<?xml version="1.0" encoding="UTF-8"?>
<!DOCTYPE html PUBLIC "-//W3C//DTD XHTML 1.0 Transitional//EN"
    "http://www.w3.org/TR/xhtml1/DTD/xhtml1-transitional.dtd">
<html xmlns="http://www.w3.org/1999/xhtml" xml:lang="en" lang="en">
 <head>
  <title>
</title>
<meta http-equiv="Content-Type" content="text/html;charset=utf-8" />
  <meta name='ocr-system' content='tesseract 3.04.00' />
  <meta name='ocr-capabilities' content='ocr_page ocr_carea ocr_par ocr_line ocrx_word'/>
</head>
<body>
  <div class='ocr_page' id='page_1' title='image "./novastudiaeuripi00lohmuoft_0024.png"; bbox 0 0 1961 3179; ppageno 0'>
   <div class='ocr_carea' id='block_1_1' title="bbox 244 135 1730 195">
    <p class='ocr_par' dir='ltr' id='par_1_1' title="bbox 244 135 1730 195">
     <span class='ocr_line' id='line_1_1' title="bbox 244 135 1730 195; baseline 0.003 -21"><span class='ocrx_word' id='word_1_1' title='bbox 244 138 321 174; x_wconf 84' lang='lat'>316</span> <span class='ocrx_word' id='word_1_2' title='bbox 1641 135 1730 195; x_wconf 84' lang='lat'>[12]</span> 
     </span>
    </p>
   </div>
   <div class='ocr_carea' id='block_1_2' title="bbox 237 249 1732 504">
    <p class='ocr_par' dir='ltr' id='par_1_2' title="bbox 237 249 1732 504">
     <span class='ocr_line' id='line_1_2' title="bbox 242 249 1730 303; baseline 0.002 -15"><span class='ocrx_word' id='word_1_3' title='bbox 242 261 404 288; x_wconf 88' lang='lat' dir='ltr'>mannus</span> <span class='ocrx_word' id='word_1_4' title='bbox 434 249 535 288; x_wconf 85' lang='lat' dir='ltr'>feeit.</span> <span class='ocrx_word' id='word_1_5' title='bbox 595 249 669 295; x_wconf 82' lang='lat' dir='ltr'>Qui</span> <span class='ocrx_word' id='word_1_6' title='bbox 713 252 818 288; x_wconf 83' lang='lat' dir='ltr'>certe</span> <span class='ocrx_word' id='word_1_7' title='bbox 858 262 907 288; x_wconf 82' lang='lat' dir='ltr'>ex</span> <span class='ocrx_word' id='word_1_8' title='bbox 945 252 1132 290; x_wconf 78' lang='lat' dir='ltr'><strong>similibus</strong></span> <span class='ocrx_word' id='word_1_9' title='bbox 1163 252 1364 290; x_wconf 80' lang='lat' dir='ltr'>constabat</span> <span class='ocrx_word' id='word_1_10' title='bbox 1393 253 1529 291; x_wconf 83' lang='lat' dir='ltr'>iambis</span> <span class='ocrx_word' id='word_1_11' title='bbox 1560 253 1610 303; x_wconf 88' lang='lat' dir='ltr'>(v.</span> <span class='ocrx_word' id='word_1_12' title='bbox 1632 253 1730 291; x_wconf 86' lang='lat'>835:</span> 
     </span>
     <span class='ocr_line' id='line_1_3' title="bbox 242 306 1732 372; baseline 0.001 -15"><span class='ocrx_word' id='word_1_13' title='bbox 242 313 419 369; x_wconf 71' lang='grc' dir='ltr'><em>δώματα</em></span> <span class='ocrx_word' id='word_1_14' title='bbox 458 309 636 356; x_wconf 56' lang='lat' dir='ltr'>amos-0³</span> <span class='ocrx_word' id='word_1_15' title='bbox 667 306 769 372; x_wconf 74' lang='grc' dir='ltr'>ἦλθ’</span> <span class='ocrx_word' id='word_1_16' title='bbox 810 310 1003 371; x_wconf 72' lang='grc' dir='ltr'><em>Ἐρι-νύς</em></span> <span class='ocrx_word' id='word_1_17' title='bbox 1038 336 1091 352; x_wconf 91' lang='lat'><strong><em>=</em></strong></span> <span class='ocrx_word' id='word_1_18' title='bbox 1122 322 1513 370; x_wconf 59' lang='grc' dir='ltr'>-ψυψ-ι-υ-).</span> <span class='ocrx_word' id='word_1_19' title='bbox 1572 322 1732 360; x_wconf 84' lang='lat' dir='ltr'><strong>Praeter</strong></span> 
     </span>
     <span class='ocr_line' id='line_1_4' title="bbox 239 385 1731 437; baseline 0.003 -15"><span class='ocrx_word' id='word_1_20' title='bbox 239 386 350 422; x_wconf 88' lang='lat' dir='ltr'>illum</span> <span class='ocrx_word' id='word_1_21' title='bbox 381 385 523 423; x_wconf 80' lang='lat' dir='ltr'>exitum</span> <span class='ocrx_word' id='word_1_22' title='bbox 553 386 839 434; x_wconf 81' lang='lat' dir='ltr'>compositionis</span> <span class='ocrx_word' id='word_1_23' title='bbox 874 387 956 435; x_wconf 84' lang='lat' dir='ltr'>lex,</span> <span class='ocrx_word' id='word_1_24' title='bbox 993 388 1024 425; x_wconf 88' lang='lat' dir='ltr'>si</span> <span class='ocrx_word' id='word_1_25' title='bbox 1056 387 1258 426; x_wconf 84' lang='lat' dir='ltr'>dimetrum</span> <span class='ocrx_word' id='word_1_26' title='bbox 1295 388 1500 427; x_wconf 81' lang='lat' dir='ltr'>iambicum</span> <span class='ocrx_word' id='word_1_27' title='bbox 1535 389 1666 427; x_wconf 85' lang='lat' dir='ltr'>littera</span> <span class='ocrx_word' id='word_1_28' title='bbox 1697 401 1731 437; x_wconf 89' lang='lat' dir='ltr'>a,</span> 
     </span>
     <span class='ocr_line' id='line_1_5' title="bbox 237 453 1198 504; baseline 0.004 -14"><span class='ocrx_word' id='word_1_29' title='bbox 237 453 450 490; x_wconf 83' lang='lat' dir='ltr'>trimetrum</span> <span class='ocrx_word' id='word_1_30' title='bbox 479 453 612 491; x_wconf 84' lang='lat' dir='ltr'>littera</span> <span class='ocrx_word' id='word_1_31' title='bbox 640 453 665 491; x_wconf 91' lang='lat' dir='ltr'>b</span> <span class='ocrx_word' id='word_1_32' title='bbox 696 454 966 504; x_wconf 81' lang='lat' dir='ltr'>significamus,</span> <span class='ocrx_word' id='word_1_33' title='bbox 996 455 1093 494; x_wconf 84' lang='lat' dir='ltr'>haee</span> <span class='ocrx_word' id='word_1_34' title='bbox 1123 458 1198 494; x_wconf 86' lang='lat' dir='ltr'>est:</span> 
     </span>
    </p>
   </div>
   <div class='ocr_carea' id='block_1_3' title="bbox 957 547 1011 778">
    <p class='ocr_par' dir='ltr' id='par_1_3' title="bbox 957 547 1011 778">
     <span class='ocr_line' id='line_1_6' title="bbox 957 547 1011 572; baseline 0 0"><span class='ocrx_word' id='word_1_35' title='bbox 957 547 1011 572; x_wconf 77' lang='lat' dir='ltr'>aa</span> 
     </span>
     <span class='ocr_line' id='line_1_7' title="bbox 972 683 997 710; baseline 0 0"><span class='ocrx_word' id='word_1_36' title='bbox 972 683 997 710; x_wconf 75' lang='lat' dir='ltr'>a</span> 
     </span>
     <span class='ocr_line' id='line_1_8' title="bbox 971 752 994 778; baseline 0 0"><span class='ocrx_word' id='word_1_37' title='bbox 971 752 994 778; x_wconf 76' lang='lat' dir='ltr'>a</span> 
     </span>
    </p>
   </div>
   <div class='ocr_carea' id='block_1_4' title="bbox 956 821 1008 914">
    <p class='ocr_par' dir='ltr' id='par_1_4' title="bbox 956 821 1008 914">
     <span class='ocr_line' id='line_1_9' title="bbox 956 821 1008 846; baseline 0 0"><span class='ocrx_word' id='word_1_38' title='bbox 956 821 1008 846; x_wconf 88' lang='lat' dir='ltr'>aa</span> 
     </span>
     <span class='ocr_line' id='line_1_10' title="bbox 970 877 993 914; baseline 0 0"><span class='ocrx_word' id='word_1_39' title='bbox 970 877 993 914; x_wconf 91' lang='lat' dir='ltr'>b</span> 
     </span>
    </p>
   </div>
   <div class='ocr_carea' id='block_1_5' title="bbox 958 958 1006 982">
    <p class='ocr_par' dir='ltr' id='par_1_5' title="bbox 958 958 1006 982">
     <span class='ocr_line' id='line_1_11' title="bbox 958 958 1006 982; baseline 0 0"><span class='ocrx_word' id='word_1_40' title='bbox 958 958 1006 982; x_wconf 69' lang='lat' dir='ltr'>aa</span> 
     </span>
    </p>
   </div>
   <div class='ocr_carea' id='block_1_6' title="bbox 234 1024 1729 1141">
    <p class='ocr_par' dir='ltr' id='par_1_6' title="bbox 234 1024 1729 1141">
     <span class='ocr_line' id='line_1_12' title="bbox 348 1024 1729 1074; baseline 0.001 -13"><span class='ocrx_word' id='word_1_41' title='bbox 348 1024 580 1062; x_wconf 86' lang='lat' dir='ltr'>Aceuratius</span> <span class='ocrx_word' id='word_1_42' title='bbox 611 1024 726 1062; x_wconf 86' lang='lat' dir='ltr'>etiam</span> <span class='ocrx_word' id='word_1_43' title='bbox 756 1024 994 1073; x_wconf 87' lang='lat' dir='ltr'>respondent</span> <span class='ocrx_word' id='word_1_44' title='bbox 1023 1025 1166 1074; x_wconf 82' lang='lat' dir='ltr'>primus</span> <span class='ocrx_word' id='word_1_45' title='bbox 1194 1037 1327 1064; x_wconf 88' lang='lat' dir='ltr'>versus</span> <span class='ocrx_word' id='word_1_46' title='bbox 1349 1027 1387 1063; x_wconf 88' lang='lat' dir='ltr'>et</span> <span class='ocrx_word' id='word_1_47' title='bbox 1408 1027 1578 1073; x_wconf 84' lang='lat' dir='ltr'>quartus,</span> <span class='ocrx_word' id='word_1_48' title='bbox 1608 1025 1729 1073; x_wconf 85' lang='lat' dir='ltr'>sylla-</span> 
     </span>
     <span class='ocr_line' id='line_1_13' title="bbox 234 1092 970 1141; baseline 0.001 -12"><span class='ocrx_word' id='word_1_49' title='bbox 234 1092 353 1130; x_wconf 85' lang='lat' dir='ltr'>batim</span> <span class='ocrx_word' id='word_1_50' title='bbox 384 1092 513 1139; x_wconf 83' lang='lat' dir='ltr'>eeteri,</span> <span class='ocrx_word' id='word_1_51' title='bbox 545 1093 609 1141; x_wconf 87' lang='lat' dir='ltr'>qni</span> <span class='ocrx_word' id='word_1_52' title='bbox 641 1092 836 1130; x_wconf 76' lang='lat' dir='ltr'>coniuncti</span> <span class='ocrx_word' id='word_1_53' title='bbox 867 1096 970 1131; x_wconf 86' lang='lat' dir='ltr'>sunt:</span> 
     </span>
    </p>
   </div>
   <div class='ocr_carea' id='block_1_7' title="bbox 438 1184 1008 1225">
    <p class='ocr_par' dir='ltr' id='par_1_7' title="bbox 438 1184 1008 1225">
     <span class='ocr_line' id='line_1_14' title="bbox 438 1184 1008 1225; baseline 0.002 -5"><span class='ocrx_word' id='word_1_54' title='bbox 438 1195 474 1221; x_wconf 80' lang='lat' dir='ltr'>v,</span> <span class='ocrx_word' id='word_1_55' title='bbox 495 1184 593 1221; x_wconf 81' lang='lat'>829:</span> <span class='ocrx_word' id='word_1_56' title='bbox 643 1192 1008 1225; x_wconf 61' lang='grc' dir='ltr'><strong>υυυυ-ι-υ-</strong></span> 
     </span>
    </p>
   </div>
   <div class='ocr_carea' id='block_1_8' title="bbox 234 1468 1730 1857">
    <p class='ocr_par' dir='ltr' id='par_1_8' title="bbox 237 1468 778 1514">
     <span class='ocr_line' id='line_1_15' title="bbox 237 1468 778 1514; baseline 0.002 -10"><span class='ocrx_word' id='word_1_57' title='bbox 237 1468 309 1514; x_wconf 81' lang='lat' dir='ltr'>Qui</span> <span class='ocrx_word' id='word_1_58' title='bbox 341 1479 472 1505; x_wconf 84' lang='lat' dir='ltr'>omnes</span> <span class='ocrx_word' id='word_1_59' title='bbox 504 1468 649 1505; x_wconf 86' lang='lat' dir='ltr'>similes</span> <span class='ocrx_word' id='word_1_60' title='bbox 681 1470 778 1505; x_wconf 84' lang='lat' dir='ltr'>sunt.</span> 
     </span>
    </p>

    <p class='ocr_par' dir='ltr' id='par_1_9' title="bbox 234 1534 1730 1857">
     <span class='ocr_line' id='line_1_16' title="bbox 349 1534 1728 1584; baseline 0 -12"><span class='ocrx_word' id='word_1_61' title='bbox 349 1536 443 1572; x_wconf 87' lang='lat' dir='ltr'>Eam</span> <span class='ocrx_word' id='word_1_62' title='bbox 474 1538 681 1573; x_wconf 81' lang='lat' dir='ltr'>metrorum</span> <span class='ocrx_word' id='word_1_63' title='bbox 711 1536 999 1584; x_wconf 78' lang='lat' dir='ltr'>responsionem</span> <span class='ocrx_word' id='word_1_64' title='bbox 1031 1536 1205 1583; x_wconf 80' lang='lat' dir='ltr'>consilio,</span> <span class='ocrx_word' id='word_1_65' title='bbox 1241 1547 1319 1573; x_wconf 92' lang='lat' dir='ltr'>non</span> <span class='ocrx_word' id='word_1_66' title='bbox 1349 1535 1456 1573; x_wconf 81' lang='lat' dir='ltr'>casui</span> <span class='ocrx_word' id='word_1_67' title='bbox 1486 1534 1728 1573; x_wconf 82' lang='lat' dir='ltr'>tribuendam</span> 
     </span>
     <span class='ocr_line' id='line_1_17' title="bbox 235 1603 1729 1653; baseline 0 -13"><span class='ocrx_word' id='word_1_68' title='bbox 235 1615 319 1641; x_wconf 89' lang='lat' dir='ltr'>esse</span> <span class='ocrx_word' id='word_1_69' title='bbox 351 1615 428 1640; x_wconf 90' lang='lat' dir='ltr'>non</span> <span class='ocrx_word' id='word_1_70' title='bbox 460 1604 581 1641; x_wconf 90' lang='lat' dir='ltr'>solum</span> <span class='ocrx_word' id='word_1_71' title='bbox 615 1615 663 1641; x_wconf 77' lang='lat' dir='ltr'>ex</span> <span class='ocrx_word' id='word_1_72' title='bbox 693 1603 765 1641; x_wconf 83' lang='lat' dir='ltr'>hae</span> <span class='ocrx_word' id='word_1_73' title='bbox 798 1603 933 1653; x_wconf 74' lang='lat' dir='ltr'>epodo,</span> <span class='ocrx_word' id='word_1_74' title='bbox 964 1603 1033 1642; x_wconf 89' lang='lat' dir='ltr'>sed</span> <span class='ocrx_word' id='word_1_75' title='bbox 1054 1615 1102 1641; x_wconf 77' lang='lat' dir='ltr'>ex</span> <span class='ocrx_word' id='word_1_76' title='bbox 1122 1606 1203 1641; x_wconf 85' lang='lat' dir='ltr'>toto</span> <span class='ocrx_word' id='word_1_77' title='bbox 1226 1603 1375 1641; x_wconf 74' lang='lat' dir='ltr'>cantico</span> <span class='ocrx_word' id='word_1_78' title='bbox 1398 1605 1571 1652; x_wconf 84' lang='lat' dir='ltr'>apparet.</span> <span class='ocrx_word' id='word_1_79' title='bbox 1628 1603 1729 1640; x_wconf 85' lang='lat' dir='ltr'>Nam</span> 
     </span>
     <span class='ocr_line' id='line_1_18' title="bbox 235 1671 1730 1721; baseline 0 -13"><span class='ocrx_word' id='word_1_80' title='bbox 235 1672 265 1709; x_wconf 85' lang='lat' dir='ltr'>si</span> <span class='ocrx_word' id='word_1_81' title='bbox 296 1673 454 1720; x_wconf 89' lang='lat' dir='ltr'>plenum</span> <span class='ocrx_word' id='word_1_82' title='bbox 485 1674 646 1708; x_wconf 89' lang='lat' dir='ltr'>metrum</span> <span class='ocrx_word' id='word_1_83' title='bbox 676 1672 807 1710; x_wconf 84' lang='lat' dir='ltr'>littera</span> <span class='ocrx_word' id='word_1_84' title='bbox 838 1685 870 1719; x_wconf 82' lang='lat' dir='ltr'>a,</span> <span class='ocrx_word' id='word_1_85' title='bbox 900 1671 951 1719; x_wconf 86' lang='lat' dir='ltr'>id,</span> <span class='ocrx_word' id='word_1_86' title='bbox 981 1672 1020 1709; x_wconf 92' lang='lat' dir='ltr'>in</span> <span class='ocrx_word' id='word_1_87' title='bbox 1043 1684 1118 1721; x_wconf 90' lang='lat' dir='ltr'>quo</span> <span class='ocrx_word' id='word_1_88' title='bbox 1140 1672 1246 1721; x_wconf 87' lang='lat' dir='ltr'>prior</span> <span class='ocrx_word' id='word_1_89' title='bbox 1267 1683 1473 1720; x_wconf 84' lang='lat' dir='ltr'>suppressa</span> <span class='ocrx_word' id='word_1_90' title='bbox 1494 1673 1551 1709; x_wconf 89' lang='lat' dir='ltr'>est</span> <span class='ocrx_word' id='word_1_91' title='bbox 1570 1671 1730 1719; x_wconf 83' lang='lat' dir='ltr'>syllaba</span> 
     </span>
     <span class='ocr_line' id='line_1_19' title="bbox 234 1739 1728 1788; baseline 0 -12"><span class='ocrx_word' id='word_1_92' title='bbox 234 1740 374 1786; x_wconf 86' lang='lat' dir='ltr'>brevis,</span> <span class='ocrx_word' id='word_1_93' title='bbox 416 1740 544 1777; x_wconf 79' lang='lat' dir='ltr'>littera</span> <span class='ocrx_word' id='word_1_94' title='bbox 575 1740 610 1787; x_wconf 87' lang='lat' dir='ltr'>b,</span> <span class='ocrx_word' id='word_1_95' title='bbox 650 1740 690 1776; x_wconf 91' lang='lat' dir='ltr'>in</span> <span class='ocrx_word' id='word_1_96' title='bbox 731 1752 805 1788; x_wconf 87' lang='lat' dir='ltr'>quo</span> <span class='ocrx_word' id='word_1_97' title='bbox 843 1741 980 1787; x_wconf 82' lang='lat' dir='ltr'>alt-era,</span> <span class='ocrx_word' id='word_1_98' title='bbox 1019 1741 1150 1777; x_wconf 82' lang='lat' dir='ltr'>lit-tera</span> <span class='ocrx_word' id='word_1_99' title='bbox 1190 1751 1210 1777; x_wconf 86' lang='lat' dir='ltr'>e</span> <span class='ocrx_word' id='word_1_100' title='bbox 1250 1739 1518 1788; x_wconf 81' lang='lat' dir='ltr'>significamus,</span> <span class='ocrx_word' id='word_1_101' title='bbox 1558 1739 1728 1788; x_wconf 87' lang='lat' dir='ltr'>priorum</span> 
     </span>
     <span class='ocr_line' id='line_1_20' title="bbox 235 1807 865 1857; baseline 0.003 -12"><span class='ocrx_word' id='word_1_102' title='bbox 235 1807 478 1857; x_wconf 85' lang='lat' dir='ltr'>stropharum</span> <span class='ocrx_word' id='word_1_103' title='bbox 509 1807 634 1846; x_wconf 89' lang='lat' dir='ltr'>forma</span> <span class='ocrx_word' id='word_1_104' title='bbox 663 1808 760 1847; x_wconf 82' lang='lat' dir='ltr'>haec</span> <span class='ocrx_word' id='word_1_105' title='bbox 791 1811 865 1847; x_wconf 86' lang='lat' dir='ltr'>est:</span> 
     </span>
    </p>
   </div>
   <div class='ocr_carea' id='block_1_9' title="bbox 727 1887 1204 1938">
    <p class='ocr_par' dir='ltr' id='par_1_10' title="bbox 727 1887 1204 1938">
     <span class='ocr_line' id='line_1_21' title="bbox 727 1887 1204 1938; baseline 0 -13"><span class='ocrx_word' id='word_1_106' title='bbox 727 1889 755 1925; x_wconf 95' lang='grc' dir='ltr'>Ι.</span> <span class='ocrx_word' id='word_1_107' title='bbox 929 1896 963 1929; x_wconf 94' lang='grc'>&gt;&lt;</span> <span class='ocrx_word' id='word_1_108' title='bbox 1005 1887 1204 1938; x_wconf 90' lang='lat' dir='ltr'>(prooem.)</span> 
     </span>
    </p>
   </div>
   <div class='ocr_carea' id='block_1_10' title="bbox 439 2022 1128 2066">
    <p class='ocr_par' dir='ltr' id='par_1_11' title="bbox 439 2022 1128 2066">
     <span class='ocr_line' id='line_1_22' title="bbox 439 2022 1128 2066; baseline -0.013 -6"><span class='ocrx_word' id='word_1_109' title='bbox 439 2022 531 2060; x_wconf 83' lang='lat'>781.</span> <span class='ocrx_word' id='word_1_110' title='bbox 845 2032 1128 2066; x_wconf 58' lang='grc' dir='ltr'>ψ-ψ-Ι-...</span> 
     </span>
    </p>
   </div>
   <div class='ocr_carea' id='block_1_11' title="bbox 439 2213 1176 2270">
    <p class='ocr_par' dir='ltr' id='par_1_12' title="bbox 439 2213 1176 2270">
     <span class='ocr_line' id='line_1_23' title="bbox 439 2213 1176 2270; baseline 0.004 -8"><span class='ocrx_word' id='word_1_111' title='bbox 439 2226 529 2264; x_wconf 81' lang='lat'>784.</span> <span class='ocrx_word' id='word_1_112' title='bbox 855 2227 878 2264; x_wconf 84' lang='lat' dir='ltr'>b</span> <span class='ocrx_word' id='word_1_113' title='bbox 943 2240 1007 2264; x_wconf 77' lang='lat' dir='ltr'>aa</span> <span class='ocrx_word' id='word_1_114' title='bbox 1079 2227 1101 2264; x_wconf 83' lang='lat' dir='ltr'>b</span> <span class='ocrx_word' id='word_1_115' title='bbox 1168 2213 1176 2270; x_wconf 81' lang='grc' dir='ltr'>Ι</span> 
     </span>
    </p>
   </div>
   <div class='ocr_carea' id='block_1_12' title="bbox 437 2429 1059 2468">
    <p class='ocr_par' dir='ltr' id='par_1_13' title="bbox 437 2429 1059 2468">
     <span class='ocr_line' id='line_1_24' title="bbox 437 2429 1059 2468; baseline 0.003 -2"><span class='ocrx_word' id='word_1_116' title='bbox 437 2429 529 2467; x_wconf 87' lang='grc'><strong>800.</strong></span> <span class='ocrx_word' id='word_1_117' title='bbox 946 2443 968 2467; x_wconf 87' lang='lat' dir='ltr'>a</span> <span class='ocrx_word' id='word_1_118' title='bbox 990 2431 1013 2468; x_wconf 92' lang='lat' dir='ltr'>b</span> <span class='ocrx_word' id='word_1_119' title='bbox 1036 2443 1059 2468; x_wconf 87' lang='lat' dir='ltr'>a</span> 
     </span>
    </p>
   </div>
  </div>
 </body>
</html>
