1961 3179
190 165 307 217 [151]
1604 162 1686 201 455

191 290 423 328 componere
462 278 678 327 nequimus,
720 289 908 326 nusquam
940 277 980 314 in
1011 289 1054 315 eo
1087 276 1364 323 substistamus,
1405 278 1446 314 ut
1476 287 1592 313 unam
1624 276 1689 313 aut

194 345 288 383 duas
320 344 495 393 syllabas
526 345 636 382 metri
667 345 830 382 alicuius
860 343 1078 392 fragmenta
1105 355 1286 381 vocemus
1307 354 1432 391 neque
1455 343 1688 391 coniungere

192 425 374 451 conemur
405 424 491 450 cum
522 413 619 460 aliis,
650 415 691 450 ut
721 424 855 450 versus
887 411 1106 450 efficiamus.

305 481 390 527 Qua
432 492 480 518 ex
520 492 561 518 re
600 480 767 529 profecti
810 479 946 518 dubios
978 480 1068 518 illos
1098 480 1204 517 locos
1235 480 1530 528 perscrutemur.
1588 477 1689 515 Inci-

190 549 339 598 piamus
380 561 402 586 a
441 549 616 586 versibus
657 548 971 597 simplicioribus,
1018 548 1083 596 qui
1123 546 1273 585 facilius
1312 547 1490 594 intellegi
1528 547 1689 595 possunt

191 628 305 665 quam
345 617 391 664 ei,
433 628 527 665 quos
558 627 674 665 supra
705 616 880 665 apposui,
922 616 987 664 qui
1017 614 1185 663 syllabis
1217 615 1353 653 solutis
1384 613 1590 652 admodum
1621 613 1687 651 ob-

192 685 294 723 scuri
324 696 407 723 esse
438 683 657 724 videantur.

303 753 478 791 Plurima
507 752 664 790 illorum
696 752 896 790 dubiorum
927 753 1135 790 metrorum
1167 752 1255 789 sunt
1285 750 1325 787 in
1355 749 1515 788 canticis
1543 750 1689 788 solutis.

190 821 298 867 Quae
340 832 400 859 res
446 832 612 858 summas
657 820 817 869 praebet
857 818 1115 857 difficultates.
1183 820 1285 857 Nam
1325 820 1363 856 et
1401 819 1513 856 libris
1552 829 1687 867 parum

189 900 393 938 possumus
443 888 534 926 fidei
574 888 718 926 habere
758 888 984 937 praesertim
1027 899 1111 925 cum
1151 898 1285 925 versus
1329 886 1533 924 tradantur
1571 886 1688 923 inusi-

189 957 271 1004 tati,
302 968 428 1005 neque
459 957 498 994 in
529 955 781 995 emendandis
804 957 857 994 eis
878 956 974 994 locis
997 955 1122 993 securi
1143 966 1283 1002 sumus,
1314 955 1388 992 nisi
1410 953 1689 1003 antistrophica

189 1025 337 1063 ratione
369 1024 606 1062 adiuvamur.
667 1024 794 1070 Quare
817 1027 928 1062 caute
955 1035 1113 1072 agamus
1137 1026 1173 1061 et
1194 1023 1425 1071 ubicumque
1448 1021 1528 1060 fieri
1550 1024 1688 1071 potest,

190 1105 212 1131 a
243 1093 404 1131 canticis
435 1092 638 1142 strophieis
668 1091 968 1141 proficiscamur,
998 1103 1047 1129 ne
1079 1091 1126 1129 cle
1157 1091 1220 1128 via
1252 1091 1483 1128 aberremus.

899 1225 919 1274 ξ
954 1225 986 1262 1.

303 1317 420 1356 Ohori
449 1317 613 1366 primum
645 1316 852 1365 stasimum,
894 1314 996 1364 quod
1039 1316 1096 1352 est
1126 1315 1165 1351 in
1197 1314 1343 1362 Oreste,
1384 1314 1438 1352 sic
1470 1313 1686 1352 exorditur:

392 1420 427 1445 v.
447 1408 538 1445 316.
561 1409 625 1446 str.

655 1483 759 1535 αἰαῖ,

657 1548 872 1607 δρομάδες
903 1545 940 1592 ὦ
971 1548 1252 1606 πτεροφόροι

654 1616 892 1669 ποτνιάδες
922 1618 1038 1661 θεαί.

392 1727 427 1753 v.
450 1715 542 1755 322,
564 1717 640 1752 ant.

654 1803 691 1857 [ι
696 1804 758 1854 ]οο
788 1802 890 1853 Ζεῦ,

653 1871 719 1920 τίς
751 1867 885 1921 ἔλεος,
915 1869 981 1920 τίς
1012 1865 1078 1911 ὅδ’
1109 1866 1231 1924 α’γοὸν

658 1933 816 1991 φόνιος
847 1935 1027 1992 ἔρχεται.

188 2033 330 2082 Incipit
361 2033 477 2081 igitur
507 2032 555 2070 ab
586 2029 866 2080 interiectione,
898 2043 996 2080 quae
1024 2043 1109 2069 cum
1130 2031 1171 2068 in
1192 2031 1296 2069 omni
1317 2033 1523 2068 metrorum
1546 2041 1688 2079 genere

190 2103 268 2139 tum
310 2102 349 2138 in
380 2101 473 2150 ipsis
505 2101 692 2139 dochmiis
726 2112 844 2149 saepe
876 2100 1089 2138 secernitur
1120 2112 1142 2137 a
1171 2100 1331 2148 reliquis
1362 2099 1535 2138 versibus
1551 2098 1591 2148 ¹),
1628 2110 1687 2137 se-

188 2171 355 2218 quuntur
384 2181 540 2208 versus:

769 2242 1121 2258 QQQQQQQQ

800 2311 1074 2332 υυυυυυυ

189 2387 351 2424 quorum
391 2375 556 2413 alterum
598 2374 820 2413 dochmium
852 2376 866 2423 (
867 2391 1115 2406 vvvvv
1119 2372 1132 2422 )
1171 2385 1256 2411 esse
1287 2372 1404 2411 facile
1435 2372 1687 2422 intellegitur,

188 2445 352 2481 alterum
391 2443 493 2481 idem
535 2445 696 2481 metrum
737 2443 926 2492 praebere
968 2441 1116 2479 duabus
1157 2441 1321 2489 syllabis
1362 2440 1543 2478 brevibus
1580 2443 1686 2478 antc-

188 2512 343 2562 positis:
385 2519 748 2553 υυΙψ-υψυ-
794 2510 936 2557 nescio,
982 2522 1030 2547 an
1074 2509 1157 2557 quis
1202 2511 1321 2558 putet.
1394 2509 1514 2546 Recte
1559 2510 1685 2546 autem

302 2634 329 2676 ¹)
355 2632 450 2667 Illud
467 2633 586 2677 ipsum
616 2630 699 2666 αἰαῖ
721 2632 774 2666 his
799 2631 909 2666 locis:
936 2631 1031 2665 Med.
1052 2633 1125 2674 111,
1154 2633 1228 2664 143.
1254 2630 1451 2674 Hipp.208.
1477 2629 1590 2665 Andr.
1609 2632 1685 2664 829.

191 2690 316 2734 Suppl.
343 2692 533 2724 806-819.
560 2689 695 2724 Phoen.
726 2692 821 2723 1340.
870 2688 1021 2732 saepius
1046 2687 1101 2722 bis
1126 2687 1295 2731 positum.
1343 2686 1536 2721 Praeterea
1559 2687 1594 2720 in
1612 2687 1686 2721 dia-

188 2747 275 2791 logo
313 2746 408 2781 Med.
432 2749 526 2780 loos.
576 2745 679 2780 Multi
711 2745 770 2780 alii
808 2744 880 2780 loci
905 2744 1016 2789 dubii,
1051 2754 1133 2778 cum
1158 2743 1342 2787 strophiea
1366 2743 1504 2779 ratione
1528 2753 1599 2777 non
1624 2742 1685 2779 ad·

191 2803 368 2841 iuvemur.
