1961 3179
265 240 346 281 414
1643 244 1759 301 [110]

260 359 387 407 potius
410 358 820 406 dactyloiambicorum
834 361 860 409 ¹)
884 363 921 398 et
942 373 990 399 ex
1011 364 1219 399 metrorum
1239 373 1352 400 cursu
1373 361 1486 401 facile
1507 364 1758 412 intellegitur,

262 437 329 463 cur
358 426 457 463 trim.
489 427 675 464 iambicus
706 427 881 465 addatur.
941 428 1057 466 Cuius
1088 430 1284 467 sententia
1314 429 1419 468 haud
1449 432 1611 468 multum
1642 431 1776 469 distat

261 494 309 532 ab
341 506 483 542 eorum,
516 495 582 543 qui
612 496 716 533 circa
747 499 845 533 sunt.

372 562 583 600 Antecedit
623 574 758 600 versus
800 564 1083 612 anapaesticus,
1123 565 1296 613 sequitur
1331 568 1372 603 ut
1403 566 1626 615 saepissime
1657 566 1759 605 trim.

259 629 445 668 iambicus
476 630 658 668 brevibus
690 632 908 680 suppressis
939 631 989 669 ad
1019 643 1142 680 genus
1168 634 1349 670 melicum
1371 635 1529 683 propius
1551 633 1757 672 accedens:

259 789 474 827 Trimetrus
514 790 597 838 ipse
637 790 677 826 in
714 790 875 839 stropha
905 790 1111 829 admodum
1153 792 1301 830 solutus
1331 793 1371 829 in
1403 792 1644 841 antistropho
1675 795 1758 830 arte

259 858 486 895 coniunctus
518 860 575 896 est
606 869 692 895 cum
724 870 758 899 v,
780 869 853 907 sq.:

531 954 698 1014 πικρὰν
731 959 777 1001 δὲ
808 957 1016 1014 σύγχυσιν
1047 961 1147 1012 βίου
1185 963 1378 1015 Φρυγῶν
1408 959 1540 1003 πόλει

529 1028 716 1083 ταλαίνᾳ
746 1026 988 1083 περγάμοις
1018 1044 1066 1070 τε
1103 1029 1268 1084 Τροίας.

257 1129 351 1168 Cum
391 1142 517 1179 neque
557 1130 685 1168 hiatus
725 1144 851 1180 neque
892 1132 1049 1179 syllaba
1088 1132 1218 1170 brevis
1259 1134 1348 1170 ante
1389 1135 1455 1170 aut
1484 1135 1572 1182 post
1602 1144 1757 1171 versum

257 1198 416 1236 admissi
446 1199 531 1246 sint,
562 1211 675 1237 nemo
706 1203 810 1238 certe
840 1200 1053 1238 trimetrum
1085 1200 1287 1238 secludere
1317 1203 1457 1249 potest.

369 1336 510 1375 Andr.
543 1337 633 1373 299.
694 1337 739 1373 In
770 1337 893 1374 altero
916 1340 1043 1374 autem
1064 1337 1309 1386 stropharum
1329 1338 1415 1386 pari
1435 1337 1599 1375 trimetri
1621 1337 1755 1375 eodem

255 1404 343 1441 loco
375 1404 491 1452 positi
522 1404 681 1451 syllaba
711 1405 821 1442 brevi
852 1408 890 1442 et
921 1406 961 1441 in
991 1405 1151 1454 stropha
1182 1408 1219 1443 et
1249 1406 1289 1442 in
1310 1405 1551 1454 antistropho
1581 1405 1755 1443 indican-

255 1474 317 1508 tur
348 1484 473 1520 neque
504 1483 620 1510 sensu
650 1473 768 1510 artius
792 1473 1002 1510 cohaerent
1022 1485 1107 1511 cum
1128 1473 1290 1522 reliquis
1312 1474 1497 1511 versibus.
1558 1473 1756 1523 (Sequitur

253 1540 351 1576 trim.
383 1540 548 1587 lyricus:

752 1610 1264 1658 -υν-Ι-υ-Ιν--)

255 1686 359 1731 Quos
401 1699 534 1725 versus
579 1699 663 1725 cum
705 1689 997 1737 conspiciamus,
1038 1700 1228 1736 nusquam
1268 1688 1442 1727 videmus
1473 1700 1538 1727 eas
1568 1688 1754 1737 syllabas,

255 1766 353 1802 quae
386 1755 425 1791 iu
459 1755 634 1793 diverbio
666 1756 827 1804 produci
864 1760 1034 1805 possunt,
1074 1757 1283 1806 productas
1315 1768 1411 1795 esse.
1471 1756 1584 1802 Quod
1614 1757 1685 1795 etsi
1714 1757 1755 1794 in

255 1821 314 1859 his
347 1824 456 1861 unius
488 1824 627 1861 cantici
661 1825 832 1873 exempli
865 1825 971 1862 casui
1001 1825 1176 1863 tribuerit
1208 1825 1408 1874 quispiam,
1444 1825 1654 1863 tenendum
1685 1827 1752 1862 est.

368 1959 510 1998 Andr.
542 1960 634 1997 479.
667 1960 760 1998 491.
820 1962 960 1998 Iterum
992 1962 1093 1999 enim
1125 1961 1260 1999 eadem
1281 1974 1342 2000 res
1364 1962 1530 1999 occurrit
1552 1962 1592 1999 in
1612 1974 1648 1999 v.
1670 1961 1750 1998 479

256 2043 308 2058 Ξ
331 2027 411 2064 486
454 2031 491 2065 et
528 2029 742 2066 v.481=
765 2029 858 2067 489.
918 2029 1088 2075 Quorum
1127 2030 1275 2079 priores
1317 2031 1427 2067 nulla
1465 2031 1593 2068 soluta
1632 2031 1753 2078 longa

372 2171 396 2215 ¹)
423 2172 542 2207 Etiam
566 2173 702 2217 primus
727 2183 854 2209 versus
880 2173 1054 2209 iambicus
1086 2184 1165 2209 esse
1195 2176 1328 2218 potest.
1377 2174 1467 2209 Nam
1491 2184 1620 2209 versus
1644 2172 1752 2208 facile

257 2228 327 2263 hoc
351 2228 460 2263 modo
487 2229 753 2274 disiunguntur:

458 2312 524 2343 274
528 2330 1048 2345 ————————————
1062 2321 1430 2355 Ιυ-ψ-Ι-υ-.

253 2387 310 2431 (In
336 2387 508 2422 brevibus
534 2388 745 2424 dirImendis
779 2389 915 2424 offendi
938 2392 1071 2434 potest,
1102 2400 1183 2424 cum
1208 2399 1337 2424 versus
1360 2390 1430 2423 hoc
1454 2389 1537 2424 loco
1563 2389 1654 2424 finiri
1677 2400 1749 2425 non

254 2444 381 2488 possit,
406 2448 447 2479 ut
472 2445 578 2479 etiam
602 2446 828 2490 antistropho
854 2446 1129 2489 demonstratur,
1155 2446 1220 2481 sed
1238 2445 1284 2480 cf.
1301 2447 1405 2481 Herc.
1430 2446 1541 2490 1055.)
1588 2446 1749 2490 Sequun-

255 2504 312 2534 tur
342 2501 448 2535 haec:

257 2613 392 2656 (Herm.
418 2614 453 2647 in
478 2615 614 2649 antistr.
641 2616 786 2660 egregie
811 2616 1034 2651 emendavit:
1062 2617 1192 2662 νίψιιν)

943 2706 976 2719 Κ.)
1011 2710 1044 2714 --
1079 2706 1112 2719 υ
1147 2695 1383 2729 -Ιυ-υῌ
