1961 3179
312 259 394 298 418
1688 254 1804 309 [114]

516 441 609 481 243.
753 450 1362 484 w—v—lu—v—lv-vv

423 578 522 615 Hel.
557 578 675 615 1117.
734 576 890 616 Eisdem
920 578 1066 616 verbis:
1097 573 1305 632 βαρβάρῳ
1334 573 1481 633 πλάτᾳ
1501 577 1631 616 finitur
1650 590 1686 619 V.
1705 578 1804 616 trim.

310 645 399 683 Hel.
424 646 543 693 1117,
574 657 688 694 quem
719 646 821 683 alter
851 646 960 694 sequi
986 645 1140 684 videtur
1159 647 1352 684 trimetrus
1372 646 1559 685 iambicus
1589 646 1660 697 (=
1684 646 1804 683 1132.

313 713 449 762 1133).
513 713 655 751 Versus
694 713 932 762 gravissimis
972 714 1152 752 laborare
1193 715 1421 764 corruptelis
1461 726 1574 753 nemo
1614 716 1672 752 est
1712 714 1805 762 quin

309 780 450 818 videat.
516 781 702 819 Attamen
741 782 877 818 mirum
918 784 976 819 est
1018 782 1120 820 viros
1161 781 1294 820 doctos
1336 782 1429 821 duas
1469 794 1547 830 res,
1586 783 1627 820 in
1667 783 1804 830 quibus

310 849 476 887 maxime
507 849 667 887 haerere
708 849 902 897 debemus,
941 850 1060 899 plane
1092 850 1275 890 omisisse.
1333 851 1434 888 Nam
1463 850 1628 899 primum
1657 850 1697 887 in
1726 862 1805 887 una

310 917 522 966 eademque
561 917 697 955 sabula
738 917 832 955 duos
873 918 1065 956 trimetros
1107 919 1257 957 cantico
1298 919 1415 956 alicui
1453 919 1618 956 insertos
1659 917 1803 956 eisdem

308 985 438 1023 verbis
468 985 666 1023 terminari
696 997 774 1023 non
805 986 1011 1035 Euripidis,
1042 997 1121 1023 non
1150 989 1288 1036 poetae
1319 986 1460 1025 Graeci
1491 989 1559 1034 est,
1589 988 1668 1024 tum
1699 985 1804 1035 quod

309 1053 383 1091 duo
414 1053 557 1101 integri
587 1054 728 1092 senarii
759 1053 893 1091 eodem
921 1053 1033 1092 modo
1055 1054 1257 1103 compositi
1277 1055 1317 1091 in
1338 1055 1507 1092 carmine
1529 1055 1629 1092 alius
1650 1054 1803 1103 generis

308 1124 535 1169 sequuntur,
580 1133 707 1170 neque
752 1122 834 1159 ullo
878 1122 1058 1171 exemplo
1103 1122 1262 1171 probari
1300 1134 1426 1170 neque
1465 1123 1626 1161 tolerari
1663 1124 1802 1171 potest.

308 1188 435 1234 Quare
468 1188 642 1227 dubitare
672 1201 750 1227 non
780 1201 992 1238 possumus,
1037 1190 1130 1238 quin
1169 1189 1289 1227 verba
1319 1185 1530 1243 βαρβάρῳ
1559 1184 1710 1244 πλάτᾳ
1738 1189 1802 1228 1110

305 1257 543 1306 interpolata
564 1257 651 1295 sint.
711 1256 819 1302 Quae
850 1258 925 1295 sint
947 1257 1178 1307 supplenda,
1209 1257 1479 1296 difficillimum
1501 1260 1559 1296 est
1580 1258 1802 1306 diiudicatu,

306 1337 392 1363 cum
431 1336 502 1363 nec
543 1324 590 1362 de
632 1327 753 1363 metro
785 1326 881 1363 certi
911 1325 1116 1374 quicquam
1147 1328 1296 1364 constet
1324 1337 1451 1374 neque
1482 1338 1530 1364 ex
1561 1325 1802 1376 antistropho

306 1395 487 1442 corrupta
531 1393 613 1431 ulla
653 1404 715 1431 res
747 1396 941 1442 appareat.
1001 1395 1139 1443 Neque
1182 1394 1283 1432 enim
1312 1394 1366 1432 ibi
1396 1394 1516 1432 verba
1546 1394 1683 1433 eodem
1712 1396 1801 1433 loco

306 1461 432 1510 posita
462 1456 691 1512 βαρβάρου
723 1460 883 1508 στολᾶς
919 1461 1074 1510 habent,
1115 1474 1191 1511 quo
1222 1461 1448 1510 referantur,
1487 1475 1614 1512 neque
1645 1464 1800 1502 omnino

307 1532 468 1567 metrum
499 1530 657 1567 retineri
686 1532 823 1578 potest.
884 1530 943 1568 De
984 1530 1158 1568 sanando
1198 1531 1286 1569 loco
1326 1530 1425 1568 nihil
1460 1531 1585 1569 audeo
1614 1531 1800 1581 proferre,

305 1597 406 1634 viam
439 1596 593 1645 quidem
625 1597 858 1635 emendandi
889 1609 1004 1646 quam
1032 1597 1209 1647 equidem
1231 1598 1440 1647 ingrediar,
1470 1598 1648 1637 indicem.
1706 1598 1801 1638 Cum

305 1676 355 1702 ne
384 1665 508 1714 prima
540 1664 695 1713 quidem
725 1665 845 1703 verba
875 1664 1057 1713 habeant,
1089 1677 1165 1715 (1110
1196 1669 1286 1715 apte
1317 1665 1546 1715 referantur,
1577 1669 1643 1705 aut
1674 1667 1800 1705 seiun-

306 1731 454 1781 gendus
496 1734 554 1771 est
589 1733 745 1771 omnino
774 1745 910 1771 versus
941 1736 1006 1771 3111
1037 1745 1122 1772 011111
1153 1734 1208 1772 eis
1240 1734 1531 1783 coniungendus
1563 1746 1661 1784 quae
1691 1738 1798 1773 ante-

306 1799 458 1838 cedunt.
516 1800 701 1838 Versibus
731 1812 814 1849 sqq.
841 1801 1054 1839 subiectum
1075 1800 1194 1849 deest,
1225 1801 1329 1850 quod
1350 1802 1492 1851 optime
1513 1803 1800 1842 Wilamowitzii

305 1868 527 1906 coniectura
555 1866 755 1915 Μενέλας
785 1880 854 1918 pro
886 1866 1070 1919 νεφέλας
1099 1870 1320 1917 restituitur,
1361 1870 1476 1908 etiam
1515 1871 1641 1909 altera
1671 1882 1798 1909 emen-

305 1934 459 1973 datione
500 1925 523 1975 ὁ
568 1928 610 1974 δ’
651 1932 780 1976 ἔσυτο
821 1940 988 1986 recepta.
1052 1937 1220 1975 Verbum
1263 1933 1484 1990 βάρβαρος
1528 1938 1579 1976 3ᾶ
1616 1938 1798 1989 strophae

304 2003 593 2041 similitudinem
632 2003 776 2042 factum
817 2004 1027 2043 delendum
1067 2007 1105 2043 et
1146 2017 1195 2043 ex
1234 2007 1358 2044 altero
1395 2005 1555 2054 στολᾶς
1585 2006 1797 2045 subiectum

304 2070 353 2108 ad
383 2071 484 2109 illud
515 2064 696 2124 ἀλίμενα
727 2067 831 2125 ὄρεα
871 2075 909 2111 01
948 2072 998 2110 ad
1038 2073 1198 2111 verbum
1236 2073 1384 2112 finitum
1424 2074 1528 2123 quod
1557 2074 1798 2113 desideratur

303 2138 573 2188 supplendum.
631 2139 691 2178 De
721 2140 851 2178 metris
889 2140 1033 2188 dubito,
1075 2142 1218 2191 quippe
1258 2153 1357 2191 quae
1399 2142 1593 2180 senarium
1622 2154 1701 2181 non
1730 2154 1795 2181 ex-

302 2206 507 2255 pleverint.

416 2354 514 2392 Hel.
551 2354 669 2392 1148.
726 2355 772 2391 In
802 2356 926 2393 altero
957 2354 1202 2404 stropharum
1231 2357 1316 2405 pari
1346 2355 1444 2395 haec
1473 2357 1726 2407 respondent:

607 2443 724 2481 1148.
776 2452 1319 2487 ψωψ-ιψψψψψψιψ
1347 2468 1382 2473 -
1411 2465 1489 2479 „-

505 2528 560 2544 z
603 2512 722 2552 1162.
775 2520 1047 2555 -υυυ-ιυ
1075 2535 1109 2540 —
1138 2523 1488 2555 υωιυυυυ-

302 2612 506 2661 Stropham
535 2613 781 2652 Hermannus
823 2615 964 2663 optime
1004 2615 1186 2663 restituit,
1227 2616 1458 2665 antistrophi
1497 2617 1687 2667 scriptura
1726 2617 1793 2655 vix

301 2683 407 2717 recta
438 2683 506 2728 est,
538 2693 624 2719 cum
653 2682 755 2719 illud
777 2676 1149 2734 φλογμὸς-φλόξ
1169 2684 1338 2722 ieiunum
1360 2684 1678 2734 durissimumque
1699 2685 1792 2724 mihi

301 2746 463 2785 videtur.
523 2745 741 2801 φλογερός
773 2749 827 2797 (L
842 2749 895 2798 G)
926 2751 1168 2788 retinendum
1210 2754 1247 2789 et
1286 2747 1400 2802 φλόξ
1439 2752 1647 2790 delendum
1687 2755 1792 2802 puto,

301 2826 427 2862 neque
459 2827 550 2853 vero
582 2817 759 2864 equidem
790 2817 927 2864 habeo,
959 2818 1063 2866 quod
1085 2821 1174 2867 apte
1195 2819 1456 2857 substituatur.
1513 2821 1651 2869 Neque
1672 2820 1787 2858 etiam

302 2885 463 2919 metrum
495 2894 538 2920 eo
570 2883 683 2921 modo
715 2883 866 2922 videtur
896 2885 1044 2922 mutari.
1103 2886 1152 2924 Et
1191 2886 1352 2935 primam
1392 2887 1586 2935 syllabam
1625 2887 1787 2937 produci
