1961 3179
284 260 364 300 422
1659 256 1774 309 [118]

282 378 412 412 tamen
450 385 512 412 res
552 373 741 411 facillima
780 376 837 412 est
883 372 1111 420 diiudicatu,
1156 384 1240 410 cum
1282 373 1407 410 altera
1447 383 1613 421 persona
1649 373 1775 419 canat,

284 444 407 482 altera
436 444 629 492 loquatur.

487 555 582 594 Sunt
612 555 669 594 hi:

397 647 514 696 Hipp.
536 647 616 685 565
631 658 713 695 sqq.
755 646 903 685 Chorus
920 648 1060 693 cantat,
1076 645 1255 684 Phaedra
1269 646 1450 694 loquitur.
1485 645 1777 683 Interiectiones

284 715 437 764 saepius
467 717 509 753 ut
539 715 653 753 etiam
682 715 722 752 in
753 714 928 752 diverbio
957 714 1201 752 intermixtae
1232 716 1329 751 sunt.

399 794 521 833 Andr.
544 794 625 832 825
638 806 721 843 sqq.
779 794 909 832 Herm.
941 795 1082 842 cantat,
1113 794 1242 831 nutrix
1272 793 1452 841 loquitur.

398 874 491 912 Hec.
515 873 691 922 684sqq.
750 873 843 911 Hec.
877 875 976 911 cant.

491 942 583 988 688,
617 942 708 989 698,
743 941 818 978 701
854 952 1002 988 servae,
1035 941 1126 987 693,
1160 941 1251 989 709,
1285 941 1365 977 712
1396 939 1504 978 chori
1533 939 1707 977 trimetri.

399 1021 514 1059 Herc.
539 1022 645 1061 1178
659 1032 741 1069 sqq.
799 1019 943 1069 Amph.
961 1022 1071 1067 cant,
1088 1019 1205 1057 Thes.
1222 1020 1328 1068 loqu.
1346 1020 1421 1068 (De
1443 1018 1585 1057 Thesei
1604 1018 1778 1056 versibus

287 1089 334 1126 ab
365 1088 556 1138 Amphitr.
588 1089 760 1137 exceptis
790 1087 891 1125 infra
921 1087 1154 1137 dicendum.)

399 1169 480 1206 Ion.
504 1168 583 1205 763
597 1179 679 1216 sqq.
740 1167 867 1205 Senex
897 1169 935 1205 et
965 1166 1124 1216 coryph.
1145 1168 1260 1215 loqu.,
1291 1167 1342 1215 (v,
1366 1167 1605 1214 772-775,
1637 1166 1779 1203 778-

288 1237 380 1284 781,
413 1236 652 1283 785-788,
685 1235 911 1273 792-795
943 1235 1044 1273 binis
1075 1235 1186 1283 senis,
1217 1235 1317 1272 binis
1349 1233 1457 1273 chori
1476 1234 1657 1272 trimetris
1678 1245 1780 1272 00111-

286 1304 428 1353 positi),
460 1303 603 1342 Creusa
635 1305 733 1340 cant.

493 1383 597 1420 1441
613 1394 695 1431 sqq.
754 1382 836 1420 Ion.
868 1382 973 1431 loqu.
1011 1380 1074 1432 (cf.
1101 1381 1149 1419 ad
1180 1382 1295 1422 Herc.
1319 1382 1461 1430 1178),
1501 1381 1645 1420 Creusa
1680 1382 1781 1419 cant.

400 1463 490 1501 Tro.
514 1463 594 1500 238
607 1474 690 1511 sqq.
749 1461 880 1500 Talth.
901 1462 1018 1511 loqu.,
1049 1461 1142 1499 Hec.
1165 1463 1264 1500 cant.

492 1542 600 1578 1230
613 1553 696 1590 sqq.
756 1540 868 1580 Ohor.
891 1543 1002 1588 cant„
1032 1540 1126 1578 Hec.
1148 1541 1253 1588 loqu.
1284 1538 1347 1590 (cf.
1379 1539 1428 1577 ad
1458 1540 1574 1589 Hipp.
1597 1539 1704 1588 565).

399 1621 482 1670 Iph.
504 1622 620 1659 Taur.
644 1621 724 1658 643
738 1632 819 1669 sqq.
879 1620 992 1658 Chor.
1014 1622 1125 1667 cant„
1157 1619 1219 1658 Or.
1243 1622 1280 1657 et
1310 1620 1398 1668 Pyl.
1419 1620 1524 1668 loqu.

491 1701 571 1738 827
587 1711 669 1748 sqq.
730 1698 793 1738 Or.
815 1700 952 1737 iterum
979 1700 1095 1748 loqu.,
1127 1710 1211 1737 011111
1232 1698 1317 1747 Iph.
1338 1700 1477 1736 cantet.
1536 1698 1580 1736 V.
1602 1698 1681 1736 861
1697 1709 1780 1747 sqq.

285 1767 507 1805 iamdudum
544 1780 567 1805 a
596 1767 827 1815 Tyrwhittio
868 1770 973 1805 recte
1013 1767 1176 1815 singulis
1215 1767 1390 1816 personis
1427 1766 1575 1814 tributi,
1616 1766 1664 1804 de
1705 1777 1783 1815 qua

286 1848 344 1883 re,
386 1847 470 1873 cum
511 1838 548 1873 et
587 1835 779 1873 sententia
819 1838 856 1873 et
897 1835 1076 1873 carminis
1116 1835 1265 1873 ratione
1304 1836 1501 1884 poscatur,
1540 1834 1641 1872 nihil
1678 1835 1782 1872 ultra

289 1903 503 1942 dicendum.
577 1903 727 1941 Tamen
776 1915 873 1941 unus
922 1915 959 1942 v,
993 1903 1073 1941 832
1124 1903 1266 1941 multas
1314 1903 1476 1952 praebet
1523 1901 1781 1941 difficultates.

287 1971 413 2009 Libris
443 1971 647 2009 traduntur
675 1970 790 2009 haec:

539 2078 653 2123 κατὰ
683 2081 729 2123 δε
761 2077 916 2135 δάκρυ,
947 2077 1063 2122 κατὰ
1093 2079 1139 2122 δὲ
1168 2077 1273 2135 γόος
1303 2073 1391 2135 ἅμα
1418 2081 1532 2137 χαρᾷ

287 2186 363 2224 i‚e‚
725 2191 1348 2233 υυψ-υυυΙψυψψυυ-,

288 2311 388 2347 quae
420 2299 516 2336 duos
547 2300 708 2348 explent
738 2310 872 2336 versus
903 2298 1161 2336 dochmiacos.
1219 2297 1296 2336 Sed
1327 2298 1354 2335 ii
1383 2298 1637 2336 cantabantur
1656 2309 1782 2346 neque

289 2367 415 2405 Oresti
460 2378 545 2404 cum
588 2367 627 2403 in
672 2369 753 2404 tota
798 2369 909 2415 parte
959 2367 1114 2404 omnino
1154 2365 1253 2403 nihil
1288 2367 1362 2403 nisi
1397 2366 1590 2404 trimetros
1629 2364 1782 2414 habeat,

293 2437 450 2483 „utpote
480 2434 584 2472 virili
613 2435 683 2472 ille
715 2436 829 2482 atque
859 2433 1051 2472 sedatiore
1081 2434 1232 2471 animo“
1268 2432 1439 2483 (Seidl.),
1474 2432 1549 2471 hoc
1580 2444 1657 2471 uno
1692 2434 1781 2472 1000

289 2514 405 2539 unum
446 2513 599 2540 versum
639 2502 820 2539 melicum
850 2502 1019 2540 tribuere
1049 2512 1261 2551 possumus.
1320 2501 1423 2539 Fieri
1452 2512 1567 2550 posse
1598 2500 1782 2548 concedo,

290 2573 330 2607 ut
370 2570 561 2607 senarium
592 2581 773 2608 conemur
804 2569 975 2616 efficere3
1013 2572 1142 2608 tamen
1172 2568 1380 2616 Seidlerus,
1421 2569 1487 2617 qui
1520 2569 1619 2607 inter
1648 2579 1782 2607 versus

290 2640 464 2674 cantatos
494 2637 598 2675 haud
629 2638 721 2675 satis
753 2640 932 2675 accurate
953 2637 1216 2686 distingueret,
1247 2648 1481 2686 magnopere
1501 2637 1542 2673 in
1563 2648 1608 2675 eo
1629 2636 1783 2684 erravit,

291 2704 395 2752 quod
425 2704 527 2742 hunc
558 2705 771 2742 trimetrum
801 2705 949 2742 statuit:

405 2811 519 2856 κατὰ
555 2814 600 2856 δὲ
639 2812 792 2869 δάκρυ’
828 2811 1028 2869 ιῖόὰκρυα
1062 2817 1138 2867 (sic
1169 2817 1411 2865 Musgravius
1450 2829 1498 2855 ex
1527 2815 1638 2865 Ald.)
1667 2807 1781 2856 κατὰ

1185 2881 1276 2938 [δὲ]
1305 2879 1410 2936 νόος
1441 2876 1528 2936 ἅμα
1554 2882 1668 2937 χαρᾷ
