1961 3179
167 170 281 222 [153]
1581 166 1662 205 457

168 284 234 332 qui
275 295 408 322 versus
445 286 486 321 ut
516 282 729 330 traduntur,
769 282 987 321 dochmiaci
1017 281 1197 321 videntur
1227 293 1311 320 esse
1342 281 1559 330 anteposita
1588 293 1665 318 una

167 352 287 400 longa
326 351 492 399 syllaba,
551 351 620 388 Est
661 353 788 389 autem
829 351 933 399 prior
973 350 1036 388 hie
1077 361 1230 399 quoque
1269 349 1450 387 dimetrus
1480 349 1664 387 creticus:

166 437 291 451 -ψ-
306 426 311 461 1
327 437 470 453 -υ-.
532 419 648 456 Alter
678 421 836 468 propter
867 419 1023 466 longam
1056 417 1222 455 mediam
1243 417 1437 465 syllabam
1458 416 1560 454 idem
1582 429 1665 455 esse

167 498 246 524 non
284 488 421 536 potest.
492 485 620 532 Quare
661 488 766 524 reete
807 488 898 535 puto
940 486 1132 524 Blassium
1172 486 1336 522 alterum
1375 477 1400 537 ἦ
1440 484 1583 532 delere,
1624 487 1666 522 ut

167 566 294 592 merus
325 557 507 603 sequatur
538 554 748 593 doehmius.

281 623 354 659 Hic
385 623 498 660 etiam
530 623 648 670 locus,
681 633 794 670 quem
826 622 935 659 affert
967 622 1070 667 Wil„
1101 620 1243 659 Bacch.
1267 623 1347 659 988
1360 622 1596 670 sqleOS
1610 633 1665 669 sq.

166 690 394 728 inserendus
425 693 492 728 est.
552 691 643 727 Wil.
675 702 760 727 cum
791 701 926 727 versus
958 690 1198 737 seiungeret:

373 772 436 810 εῖν.
509 767 573 816 τίς
607 763 688 821 ἄρα
721 781 791 807 νιν
827 763 1002 815 &exem
1033 764 1087 807 οὐ

578 831 658 889 γὰρ
692 833 737 886 ἐξ
767 832 952 888 αἵματος
983 835 1211 888 γυναικῶν
1242 831 1326 886 ἔφυ
1350 868 1356 874 .
1382 867 1389 875 .
1413 868 1421 875 .

373 918 450 955 ant.
510 912 582 955 ἐπὶ
614 911 669 954 τὰ
699 909 813 954 καλὰ
842 912 941 964 βίον
972 902 1013 968 ἦ·

575 996 661 1036 μαρ
693 980 737 1030 ἐς
767 978 910 1022 νύκτα
941 980 976 1022 τ’
1009 980 1243 1035 εὖαγοῦυτ’
1273 974 1470 1031 ειῗσεβεῖν
1494 1014 1501 1022 .
1527 1014 1535 1022 .
1560 1015 1567 1022 .

167 1065 207 1102 in
239 1076 284 1102 eo
316 1064 469 1112 erravit,
501 1064 604 1112 quod
633 1064 753 1102 verba
783 1058 864 1115 γὰρ
897 1059 942 1113 ἐξ
965 1058 1161 1115 αἳματος,
1193 1075 1278 1100 cum
1311 1063 1478 1100 dochmii
1499 1064 1666 1112 speciem

167 1132 410 1181 praeberent,
442 1132 661 1170 dochmium
692 1132 840 1181 putavit
872 1143 967 1169 esse.
1027 1132 1178 1169 Tamen
1210 1143 1288 1169 non
1319 1131 1373 1169 sic
1404 1130 1667 1179 distinguendi

168 1202 256 1238 sunt
286 1211 430 1247 versus,
471 1199 540 1238 sed
577 1200 790 1238 sententiae
822 1200 1020 1247 incisione,
1063 1211 1161 1247 quae
1194 1202 1252 1236 est
1282 1200 1320 1236 in
1352 1198 1519 1247 stropha,
1551 1199 1665 1237 etiam

167 1280 302 1307 versus
332 1267 524 1306 finiendus
556 1271 623 1316 est,
654 1270 696 1306 ut
725 1267 800 1305 hoc
832 1267 1024 1305 efficiatur
1054 1270 1239 1305 metrum:

776 1353 1056 1368 kuvv„

656 1410 960 1446 -U-1-Q-.'
976 1421 1190 1435 -----

168 1485 304 1533 Itaque
338 1484 453 1522 etiam
483 1483 548 1521 hic
579 1483 681 1522 idem
705 1485 762 1521 est
789 1482 973 1521 dimetrus
995 1483 1170 1530 creticus,
1201 1494 1445 1531 nequaquam
1468 1481 1667 1520 dochmius

169 1564 256 1590 cum
287 1551 434 1601 duplici
464 1551 654 1592 anaerusi.

282 1618 466 1656 Eiusdem
508 1618 612 1656 modi
652 1629 786 1656 versus
827 1617 1002 1656 omnibus
1043 1616 1241 1656 codicibus
1272 1616 1474 1654 traduntur
1503 1617 1542 1653 in
1573 1616 1665 1655 Hec.

168 1699 203 1725 v.
230 1687 357 1724 1081:

320 1756 426 1802 ναῦς
458 1747 583 1802 ὅπως
613 1751 818 1801 ποντίοις
848 1752 1083 1806 πείσμασιν
1115 1749 1386 1805 λινόκροκον
1417 1753 1514 1792 κτλ.

169 1845 243 1892 Qui
273 1845 364 1884 inde
395 1858 417 1883 a
447 1845 566 1883 verbo
600 1837 724 1892 ὅπως
756 1847 793 1883 θῖ
823 1844 986 1893 syllabis
1017 1854 1165 1897 -μασιυ
1196 1847 1238 1881 ut
1268 1843 1484 1881 dochmiaci
1504 1845 1666 1892 possunt

167 1914 258 1962 legi,
300 1914 374 1952 etsi
414 1916 517 1951 certe
559 1915 740 1961 quattuor
780 1915 867 1950 sunt
905 1913 1047 1959 cretici,
1090 1913 1154 1960 qui
1185 1912 1348 1960 singulis
1379 1911 1507 1948 verbis
1537 1912 1664 1949 termi-

168 1984 320 2020 nantur.
380 1982 454 2019 Hic
494 1984 551 2019 est
590 1981 736 2030 primus
777 1992 890 2029 quem
930 1983 1138 2018 tractamus
1177 1981 1297 2026 locus,
1340 1991 1414 2028 quo
1454 1979 1525 2016 viri
1562 1979 1667 2016 docti

168 2051 280 2088 nulla
309 2051 388 2087 alia
419 2062 535 2088 causa
565 2061 679 2098 quam
710 2052 751 2087 ut
778 2049 949 2098 integros
972 2049 1172 2086 efficerent
1193 2047 1403 2094 dochmios,
1434 2059 1533 2095 quae
1554 2048 1665 2085 libris

169 2118 382 2165 traduntur,
414 2120 670 2156 mutaverunt.

170 2187 241 2223 His
272 2189 309 2224 et
340 2187 470 2224 multis
501 2187 588 2224 aliis
619 2186 684 2234 qui
713 2185 814 2222 infra
844 2184 1036 2223 tractandi
1067 2186 1154 2222 sunt
1184 2184 1283 2221 locis
1311 2184 1349 2220 in
1373 2195 1416 2220 eo
1440 2185 1666 2220 erraverunt

169 2255 241 2291 viri
273 2254 385 2301 docti,
418 2254 520 2303 quod
550 2255 590 2290 in
621 2253 854 2292 carminibus
888 2253 1121 2291 doehmiacis
1153 2253 1216 2289 vix
1239 2252 1315 2289 alia
1337 2254 1456 2289 metra
1478 2251 1665 2300 putabant

170 2334 254 2360 esse
297 2335 411 2371 quam
454 2323 538 2371 ipsa
579 2322 819 2360 dochmiaca.
888 2321 964 2359 Sed
1001 2324 1057 2358 est
1099 2321 1292 2358 uberrima
1333 2320 1444 2368 copia
1484 2320 1664 2357 similium

168 2402 359 2438 versuum,
391 2391 457 2439 qui
488 2390 676 2428 dochmiis
705 2390 917 2427 inm-mixti
947 2388 1044 2427 haee
1073 2389 1244 2426 carmina
1265 2389 1385 2425 multo
1406 2388 1528 2436 magis
1549 2399 1664 2435 quam

170 2459 249 2496 alia
297 2458 466 2496 reddunt
515 2459 624 2496 varia
674 2460 712 2496 et
759 2456 938 2506 pulchra.
1010 2456 1141 2504 Atque
1186 2458 1385 2504 poetarum
1430 2455 1664 2503 tragicorum

168 2527 353 2576 imprimis
383 2526 579 2575 Euripidis
611 2527 707 2564 mira
738 2525 928 2573 quaedam
960 2527 1017 2562 est
1047 2536 1120 2571 ars,
1152 2536 1228 2573 qua
1249 2523 1428 2573 periodos
1451 2524 1665 2572 composuit

158 2580 212 2632 *in
243 2595 402 2632 canticis
435 2593 669 2632 dochmiaeis
700 2605 778 2631 non
810 2592 1067 2639 dochmiacas,
1099 2592 1166 2630 sed
1197 2591 1246 2628 ad
1279 2591 1540 2629 dochmiorum
1563 2592 1665 2628 simi-

169 2662 376 2700 litudinem
419 2661 552 2699 factas.
613 2661 735 2707 Quam
777 2673 856 2699 rem
889 2660 1095 2709 Seidlerus,
1133 2660 1202 2698 etsi
1233 2671 1311 2697 non
1341 2660 1458 2708 plane
1490 2661 1547 2696 est
1577 2671 1664 2708 per-

171 2732 335 2777 secutus,
365 2730 577 2767 rectissime
605 2729 836 2767 observavit.
898 2727 968 2779 (Cf.
992 2728 1153 2777 Seidler‚
1186 2727 1232 2765 de
1254 2739 1374 2765 verss.
1397 2726 1546 2765 dochm.
1568 2730 1663 2777 trag.

173 2797 308 2837 Graec.
340 2809 378 2848 p.
404 2797 481 2834 140
493 2797 592 2848 sqq.)
