1961 3179
197 191 285 244 [15]
1614 188 1694 227 319

403 306 496 345 560.
751 324 893 338 υ--
959 313 1202 347 'ga—Q.-

754 392 895 406 ψ,
962 381 1203 416 ,ψ-υ-
1290 319 1308 487 1

755 460 896 474 ψ--
964 450 1205 483 Ιψ-ψ-

405 646 498 685 565.
755 664 835 678 υ-
864 654 1222 688 υ-ιψψψψψψ

896 733 983 747 -ψ-
987 733 1203 747 -----
1224 715 1255 763 2)

755 792 1115 825 ψ-ψυψΙψ--

200 862 284 910 Quo
306 862 419 901 modo
441 863 595 911 singula
616 863 704 901 cola
725 862 941 900 dirimenda
961 863 1046 910 sint,
1077 863 1117 900 in
1137 862 1275 901 iambis
1302 863 1381 900 tam
1402 861 1517 900 meris
1539 860 1699 899 difficile

201 933 259 970 est
292 931 516 969 diiudicatu.
576 931 669 969 Cum
701 934 850 969 constet
879 932 982 980 ipsos
1012 934 1147 980 poetas
1177 931 1348 969 carmina
1377 932 1419 968 ut
1455 941 1526 968 nos
1554 930 1595 966 in
1624 929 1698 966 sin-

200 1000 316 1048 gulos
356 1000 572 1037 versiculos
615 1011 694 1037 non
735 999 920 1047 divisisse,
962 1000 1147 1037 librorum
1192 999 1404 1036 auctoritas
1442 998 1542 1035 nihil
1581 998 1701 1035 valet.

202 1068 316 1106 Certa
345 1068 462 1117 igitur
490 1068 642 1105 ratione
673 1068 747 1105 nisi
778 1067 885 1105 hiatu
916 1071 981 1105 aut
1012 1068 1169 1115 syllaba
1199 1068 1391 1116 (ancipiti)
1427 1066 1537 1104 brevi
1568 1077 1700 1104 versus

199 1148 278 1174 non
314 1139 578 1174 secernuntur.
637 1136 921 1174 Sententiarum
957 1137 1092 1173 incisio
1124 1139 1357 1173 momentum
1389 1134 1545 1183 quidem
1577 1135 1698 1182 affert,

201 1206 332 1242 tamen
370 1216 449 1242 non
495 1207 652 1242 certum.
723 1203 847 1250 Quam
891 1216 972 1242 rem
1018 1216 1135 1253 saepe
1180 1215 1250 1242 nos
1295 1203 1435 1241 fallere
1481 1215 1529 1241 ex
1565 1203 1724 1252 SuppL‘

202 1286 237 1310 v.
261 1273 342 1310 373
374 1273 517 1322 optime
548 1273 806 1320 intellegitur:

476 1358 616 1402 καλὸν
647 1354 686 1402 ὁ)
718 1357 893 1415 ἄγαλμα
923 1356 1110 1403 ,πόλεσιν
1142 1355 1319 1417 εὐσεβὴς
1347 1358 1491 1410 πόνος

472 1427 601 1484 χάριν
630 1429 669 1470 τ’
699 1427 784 1484 ἔχει
814 1423 898 1470 τὰν
929 1428 970 1479 ἐς
1003 1429 1098 1471 αἰεί.
1158 1430 1201 1470 τί
1230 1444 1306 1483 μοι

543 1495 674 1546 πόλις
705 1505 862 1552 κρανεῖ
891 1499 984 1539 κτλ.

413 1560 616 1621 :duwe
646 1565 779 1620 ματρὶ
808 1562 940 1614 πόλις
972 1560 1110 1620 ἄμυνε
1141 1563 1378 1615 Παλλάδος

475 1631 642 1688 νόμους
672 1634 850 1688 βροτῶν
878 1629 935 1688 μή
967 1634 1170 1688 μιαίνειν.
1231 1631 1283 1675 σύ
1313 1649 1384 1675 τοι

545 1702 682 1754 σέβεις
713 1702 854 1744 δίκαν.
915 1705 1024 1753 κτλ.,

204 1796 271 1834 ubi
299 1807 433 1834 versus
463 1798 552 1845 post
583 1792 666 1834 αἰεί
696 1794 913 1843 finiebatur,
954 1795 1027 1833 etsi
1067 1796 1218 1833 nullum
1259 1795 1414 1833 omnino
1456 1798 1513 1833 est
1542 1797 1705 1833 metrum

205 1865 424 1911 tolerabile,
446 1863 536 1901 dum
558 1864 878 1901 Wilamowitzius
900 1863 964 1911 (cf.
987 1863 1131 1902 Comm.
1152 1866 1260 1902 metr.
1280 1864 1309 1911 Ι,
1330 1876 1366 1913 p.
1394 1864 1440 1900 ll
1458 1864 1530 1912 sq.)
1559 1866 1705 1901 rectam

205 1933 394 1971 rationem
414 1933 574 1970 invenit.
614 1931 902 1980 (Weckleinius
922 1934 1059 1981 postea
1080 1933 1194 1970 etiam
1215 1932 1317 1969 falsa
1336 1931 1519 1981 retinuit.)
1566 1931 1705 1977 Quam-

208 2013 322 2050 quam
352 2001 392 2038 in
423 2012 479 2048 ea,
518 2012 634 2049 quam
663 2003 955 2049 pertractamus,
996 2000 1122 2049 epodo
1153 2011 1233 2038 non
1263 2001 1453 2038 assentior
1483 1999 1706 2047 editoribus,

208 2070 274 2119 qui
313 2070 544 2108 sententiam
585 2068 729 2106 ducant
767 2071 856 2118 post
896 2069 1213 2116 concinnitatem,
1260 2080 1346 2106 cum
1391 2071 1451 2106 ter
1495 2067 1622 2106 medio
1666 2068 1706 2105 in

207 2138 327 2176 verbo
371 2149 506 2176 versus
551 2137 742 2176 dirimant.
812 2138 1040 2186 Praeterea,
1086 2137 1118 2175 si
1163 2136 1387 2185 dividimus,
1431 2139 1473 2174 ut
1514 2147 1586 2185 ego
1632 2135 1707 2174 feci

208 2207 492 2245 enuntiatorum
531 2205 670 2244 finibus
711 2208 939 2256 commotus,
980 2205 1248 2255 prohibemus,
1288 2217 1338 2243 ne
1379 2216 1513 2244 versus
1554 2216 1708 2254 semper

315 2329 352 2374 i)
376 2328 507 2364 Forma
539 2332 596 2365 est
630 2328 870 2364 observanda.
936 2328 1014 2370 Qua
1048 2327 1227 2363 refellitur
1258 2327 1529 2363 Wilamowitzii
1572 2326 1706 2371 opinio,

210 2396 317 2431 quam
340 2385 493 2430 protulit
515 2386 552 2420 in
568 2386 674 2422 Here.
692 2386 739 2429 II,
765 2389 807 2420 26
832 2385 1102 2431 (catalecticum
1125 2389 1278 2420 metrum
1301 2395 1374 2420 non
1396 2384 1553 2420 tolerare
1570 2383 1708 2419 solutas

209 2443 353 2488 longas)
390 2443 545 2479 Versum
580 2443 634 2478 sic
676 2443 902 2478 recitandum
945 2453 1025 2478 esse
1062 2446 1146 2484 (non
1180 2442 1557 2486 υ-υυνΙ-υ-)
1591 2444 1628 2476 et
1663 2450 1708 2476 ex

209 2500 366 2535 numeris
404 2503 440 2535 et
477 2510 522 2534 ex
556 2499 732 2535 incisione
768 2502 928 2544 apparet.
978 2499 1150 2535 Concedo
1182 2499 1251 2534 alia
1281 2498 1447 2543 exempla
1478 2508 1535 2533 me
1559 2509 1632 2533 non
1655 2497 1708 2532 in-

209 2557 367 2592 venisse.
414 2556 488 2592 Sed
512 2555 558 2591 cf.
582 2568 617 2601 p.
636 2560 689 2592 43.

323 2615 353 2657 2)
379 2613 516 2649 Versus
541 2614 684 2648 minime
715 2616 771 2648 est
795 2613 1008 2658 dactylicus,
1033 2612 1099 2648 sed
1125 2613 1297 2648 dimetrus
1327 2612 1601 2658 choriambicus‚
1627 2623 1708 2647 cum

211 2670 422 2715 aequabiles
445 2670 546 2705 modi
568 2670 640 2706 hoc
663 2680 735 2705 uno
767 2670 850 2705 loco
882 2669 981 2706 nullo
1011 2670 1122 2705 modo
1154 2670 1295 2715 possint
1323 2670 1544 2715 interrumpi.
1593 2669 1707 2711 Quem

210 2727 424 2763 incisionem
448 2730 596 2763 secutus
621 2727 692 2763 hoc
715 2726 825 2763 modo
851 2727 959 2763 velim
982 2727 1150 2763 recitare:

1213 2786 1215 2817 Ι

567 2826 1037 2862 -ψυΛΙ-υυ-ΠΟΠ
1060 2828 1367 2844 υυυυυυυ
1368 2818 1383 2863 )
