1961 3179
174 263 290 314 [117]
1585 268 1664 307 421

286 377 394 424 Quae
425 390 510 418 cum
540 379 595 417 ita
625 380 710 428 sint,
743 379 959 419 concedere
989 393 1061 419 nos
1093 384 1246 431 oportet
1277 381 1491 420 Alcestidis
1521 382 1668 421 iambos

171 445 381 485 abhorrere
412 460 435 485 a
464 448 703 496 reliquarum
734 448 929 498 Euripidis
970 449 1198 497 fabularum,
1241 462 1326 488 cum
1366 449 1429 488 hic
1460 451 1499 488 in
1530 451 1667 500 quovis

171 526 306 553 versus
336 515 424 553 loco
457 515 593 554 breves
633 516 907 565 producantur.
966 518 1114 555 Tamen
1145 519 1266 567 ipsius
1296 518 1509 557 Alcestidis
1540 531 1668 557 exem-

169 583 278 632 plum
308 595 386 620 non
416 584 525 621 valet
554 585 681 632 legem
712 585 825 622 illam
855 584 1060 633 infirmare,
1092 586 1160 624 sed
1187 585 1425 625 demonstrat
1445 587 1667 636 Euripidem

169 651 210 688 in
249 651 442 701 prioribus
481 651 624 691 fabulis
655 665 740 690 eam
770 654 1004 703 neglexisse,
1044 658 1085 692 ut
1114 655 1167 692 ita
1200 655 1334 702 dicam,
1371 658 1508 705 postea
1541 658 1667 694 autem

170 720 302 758 stricte
342 719 508 758 vidimus
551 732 635 758 eam
667 722 911 760 observatam
942 734 1037 761 esse.
1095 724 1194 760 Nam
1231 723 1440 761 tenendum
1476 727 1534 762 est
1569 724 1669 761 inter

170 787 352 826 Alcestin
392 792 431 826 et
469 788 646 827 Medeam
687 792 834 838 septem
876 803 1062 829 annorum
1107 792 1273 840 spatium
1316 792 1514 832 interesse.
1584 791 1669 837 Qua

170 857 308 903 aetate,
339 867 455 904 quam
486 857 703 895 accuratius
734 868 804 895 nos
835 869 913 896 non
942 859 1165 908 perspicere
1187 859 1390 908 querimur,
1421 871 1508 898 eum
1528 862 1667 909 poetae

169 935 280 962 usum
312 925 437 962 ortum
469 935 553 963 esse
583 924 829 963 manifestum
861 925 966 972 est.¹)

878 1062 968 1108 sa.

285 1140 514 1189 Priusquam
560 1140 610 1179 ad
661 1140 880 1179 difficiliora
928 1143 1185 1189 transeamus,
1235 1153 1301 1180 eos
1345 1143 1454 1180 locos
1498 1143 1669 1181 breviter

169 1220 402 1257 enumerem,
443 1209 581 1258 quibus
623 1211 695 1248 etsi
734 1210 836 1259 parti
876 1210 993 1249 alicui
1023 1211 1172 1259 lyricae
1203 1211 1367 1249 trimetri
1404 1212 1539 1250 inserti
1570 1214 1668 1259 sunt,

284 1319 312 1364 ¹)
338 1319 419 1354 Hoc
443 1319 526 1355 loco
551 1320 677 1364 paucis
702 1320 824 1355 verbis
849 1320 990 1364 addam,
1022 1321 1206 1365 quomodo
1238 1320 1349 1356 ceteri
1378 1324 1512 1365 poetae
1538 1322 1667 1366 tragici

168 1375 350 1411 trimetros
373 1377 547 1412 iambicos
572 1377 714 1412 soleant
731 1387 959 1421 componere.
1008 1378 1088 1413 Non
1106 1378 1232 1412 mirum
1250 1381 1316 1422 est,
1342 1378 1443 1422 quod
1459 1378 1667 1423 Aeschylus

169 1443 248 1468 eam
271 1432 403 1478 legem,
429 1433 475 1468 de
501 1444 572 1478 qua
597 1434 836 1478 disputamus,
861 1434 1022 1469 nondum
1048 1434 1268 1479 observavit,
1295 1445 1376 1470 cum
1393 1438 1553 1470 mortuus
1571 1440 1669 1471 esset

168 1490 290 1525 multis
315 1490 414 1525 annis
439 1494 522 1525 ante
549 1501 655 1535 quam
680 1491 799 1535 ipsum
817 1491 901 1525 Eur.
920 1491 1160 1536 cognovimus
1186 1492 1237 1526 eis
1260 1492 1395 1536 regulis
1420 1502 1459 1527 se
1485 1491 1668 1536 obligasse

169 1546 231 1590 (cf.
249 1547 348 1582 Blass
386 1547 458 1591 „Zu
482 1547 692 1593 Aeschylos
717 1547 976 1592 Choephoren“
1011 1548 1132 1583 Herm.
1149 1548 1328 1593 XXXIII,
1354 1560 1388 1593 p.
1410 1550 1501 1593 131).
1550 1549 1667 1584 Etiam

169 1603 389 1648 Sophoclem
419 1604 532 1640 multo
563 1604 711 1639 liberius
743 1607 858 1639 metra
889 1604 1042 1639 iambica
1073 1605 1322 1649 composuisse
1354 1615 1461 1650 quam
1496 1606 1579 1640 Eur.
1613 1606 1668 1641 his

168 1660 258 1696 loeis
291 1665 461 1705 apparet:
494 1661 549 1696 El.
576 1664 662 1696 1084
704 1662 778 1704 ζῶν
809 1663 936 1702 κακῶς
968 1657 1140 1696 εὔκλειαν
1172 1659 1344 1706 αἰσχῦναι
1376 1660 1477 1696 θέλει
1512 1678 1552 1691 =
1587 1666 1664 1697 1091

167 1719 262 1763 χειρὶ
287 1719 351 1752 καὶ
368 1713 517 1765 πλούτῳ
536 1714 686 1753 τοσόιμδ
704 1716 863 1764 ἐχθρῶι,
891 1713 992 1753 ὅσον.
1015 1721 1073 1753 12ῖ
1079 1722 1098 1753 8
1116 1719 1257 1763 (epod)
1276 1731 1349 1753 των
1366 1721 1442 1753 σῶι
1458 1715 1669 1764 προσώπων

169 1769 311 1818 ἡδοναν
334 1772 536 1818 μεθέσθαι.
584 1775 672 1810 Oed.
698 1776 743 1810 R.
775 1778 840 1811 889
872 1773 906 1810 εἰ
936 1771 988 1820 μή
1024 1772 1065 1810 τὸ
1094 1773 1227 1820 κίρὸος
1250 1777 1425 1821 κερδαιεῖ
1447 1777 1601 1817 δικαίως
1624 1791 1669 1806 --·

169 1834 234 1867 903
270 1827 349 1866 ἀλλ’
383 1832 412 1866 ὠ
443 1827 650 1878 κρατύᾘωι
681 1828 781 1878 εἴπερ
816 1827 902 1878 ὄρθ’
938 1828 1087 1873 ἀκούεις
1120 1833 1173 1877 (et
1203 1833 1303 1867 mult.
1336 1833 1408 1878 aL).
1465 1833 1603 1868 Tamen
1633 1835 1669 1868 in

168 1888 321 1933 plenis
345 1889 494 1924 senariis
521 1889 671 1924 eandem
696 1889 815 1934 legem
840 1900 885 1924 ex
912 1889 1041 1924 eodem
1071 1890 1148 1924 fere
1182 1893 1344 1934 tempore
1376 1889 1522 1925 videtur
1546 1890 1669 1925 obser-

168 1955 285 1981 vasse.
321 1946 439 1980 Nam
429 1957 464 1980 1n
481 1945 582 1981 Aiac.
602 1949 638 1981 et
654 1946 689 1980 in
706 1946 802 1991 Ant,
821 1956 914 1991 quae
932 1945 1075 1981 fabulae
1093 1949 1194 1981 actae
1212 1949 1295 1981 sunt
1308 1949 1390 1982 ante
1409 1957 1486 1981 eam
1503 1949 1668 1992 aetatem,

167 2002 236 2038 1103
259 2003 443 2038 trimetros
468 2006 631 2038 cantatos
654 2003 874 2038 invenimus:
900 2003 1041 2037 Ain-16
1068 1998 1090 2046 ἢ
1114 1998 1187 2037 πού
1205 2015 1304 2044 weg
1323 2004 1428 2044 ιίκας
1448 1999 1669 2049 ἀκάρπωτος

167 2054 280 2104 χάριν
304 2076 345 2089 =
375 2063 438 2094 187
463 2061 527 2094 καὶ
555 2055 645 2100 Ζεὺς
678 2055 802 2094 κακὰν
831 2061 895 2094 καὶ
929 2060 1074 2105 (Ῐοῖβος
1099 2056 1268 2104 ’40751'02
1299 2055 1423 2104 φίίτιι.
1472 2064 1536 2095 367
1564 2056 1667 2103 οἷζιιοι

168 2114 339 2161 Γέλωτος,
372 2111 455 2152 οἷον
484 2111 673 2162 υβρίσθην
707 2111 779 2161 ἄρα
805 2133 845 2145 =
873 2119 938 2151 352
970 2115 991 2160 ἠ
1022 2128 1095 2150 που
1126 2112 1507 2161 π1)).ι“νγέ)ωθ’ὐ’φ
1534 2113 1669 2161 ηὸοιῆς

168 2175 288 2221 γελᾶς.
335 2170 419 2208 Ant.
440 2176 526 2208 1272
551 2169 623 2218 ἔχω
649 2186 701 2217 ιιι.
692 2169 787 2208 θών
813 2174 974 2214 deligam
984 2183 991 2190 ·
1017 2170 1057 2208 ἐν
1082 2168 1119 2207 ὁ
1145 2170 1222 2216 1-ιιιῦ
1246 2169 1347 2221 κάρα
1374 2190 1415 2202 =
1436 2177 1521 2208 1295
1547 2170 1669 2208 κακὸν

169 2226 250 2266 τόδ’
279 2224 371 2266 ἄλλο
397 2226 569 2277 δεύτερον
599 2229 725 2277 βλέπω
751 2226 875 2271 τάλας.
927 2234 1011 2265 1274
1037 2225 1197 2273 ἔπαισεν,
1231 2228 1271 2265 ἐν
1296 2227 1332 2264 δ’
1358 2226 1496 2265 ἔσεισεν
1523 2226 1669 2276 ἀγρίαις

170 2282 284 2328 ὅδοις.
318 2303 359 2316 --
395 2291 481 2323 1298
514 2283 586 2332 ἔχω
619 2286 688 2331 μὲν
718 2285 757 2322 ἐν
788 2288 974 2333 χείρεσσιν
1009 2283 1143 2333 ἀρτίως
1178 2285 1318 2322 τέκνον.
1374 2287 1416 2322 111
1446 2287 1668 2332 reliquarum

168 2354 255 2380 vero
279 2344 481 2380 fabularum
507 2345 656 2380 canticis
680 2344 842 2390 syllabae
868 2344 1045 2389 ancipites
1069 2354 1245 2388 nusquam
1269 2344 1470 2388 productae
1495 2348 1580 2379 sunt
1604 2343 1667 2388 (cf.

168 2401 256 2436 Oed.
273 2401 318 2436 R.
348 2404 410 2436 192
429 2417 470 2430 =
489 2404 565 2446 206,
594 2405 676 2436 1331
699 2417 740 2431 =
762 2405 858 2446 1350,
888 2404 972 2436 1335
993 2404 1159 2444 :13553
1185 2401 1324 2436 E1.126
1343 2417 1383 2430 =
1402 2401 1515 2445 †142,
1541 2404 1606 2435 476
1625 2416 1666 2430 =

167 2461 250 2502 4933
282 2458 414 2493 Trach.
443 2461 504 2493 137
540 2459 680 2504 [epod]
714 2461 790 2502 207,
823 2461 886 2493 217
922 2458 1034 2504 [astr.]
1067 2461 1294 2501 955=9643
1327 2458 1415 2492 Phil.
1445 2461 1506 2493 135
1526 2461 1666 2501 =1503

168 2515 256 2551 Oed.
273 2515 348 2551 Col.
374 2519 439 2550 539
458 2532 498 2545 =
517 2520 599 2551 546:
622 2515 727 2551 Chor.
742 2537 867 2551 ψ-ψ
892 2515 970 2550 Oed
974 2536 1176 2552 ------
1195 2515 1257 2550 Ch.
1275 2536 1343 2550 00
1367 2515 1444 2551 Oed
1448 2536 1640 2551 ψψψψψ
1642 2517 1668 2561 ),

169 2583 249 2607 cum
280 2573 313 2608 ei
344 2573 485 2618 senarii,
519 2583 610 2618 quos
641 2572 924 2617 pronuntiabant
954 2572 1164 2616 histriones,
1190 2572 1250 2606 vel
1282 2572 1318 2606 in
1348 2572 1512 2616 partibus
1544 2572 1669 2618 lyricis

167 2629 267 2674 pleni
298 2629 370 2664 sint
401 2630 621 2675 syllabarum
654 2629 843 2674 longarum
875 2628 938 2673 (cf.
962 2629 1017 2664 El.
1044 2632 1140 2673 1235,
1175 2631 1276 2671 1255;
1311 2627 1398 2663 Oed.
1425 2629 1468 2664 R.
1505 2632 1589 2664 1317
1601 2640 1666 2675 sq.,

171 2689 340 2731 1325sq.;
377 2686 507 2721 Trach.
539 2689 712 2731 871sqq.,
747 2689 828 2730 889,
863 2688 946 2728 891;
983 2685 1071 2720 Oed.
1097 2685 1174 2721 Col.
1208 2687 1411 2729 837—840‚
1445 2688 1666 2731 880—883).

168 2743 272 2778 Duos
307 2743 426 2788 locos,
464 2743 596 2788 quibus
632 2743 758 2787 regula
794 2753 867 2777 non
902 2742 1049 2777 videtur
1086 2742 1279 2777 observata
1313 2742 1368 2777 El.
1403 2745 1548 2777 1390=
1571 2746 1666 2787 1397,

167 2799 258 2834 Phil.
279 2803 319 2833 67
324 2802 344 2834 6
362 2815 403 2828 =
423 2801 484 2834 691
514 2802 704 2843 corruptos
730 2809 810 2834 esse
836 2809 960 2834 omnes
978 2798 1139 2834 editores
1157 2798 1397 2833 consentiunt.
1444 2798 1573 2843 Quare,
1597 2799 1668 2835 nisi

168 2855 257 2900 quid
280 2865 337 2890 me
363 2854 506 2900 effugit,
533 2855 671 2899 eadem,
697 2865 790 2900 quae
808 2855 854 2890 de
872 2856 957 2890 Eur.
975 2854 1180 2891 accuratius
1199 2857 1348 2890 conatus
1364 2865 1444 2890 sum
1462 2855 1667 2900 ostendere,

169 2913 276 2948 etiam
300 2913 347 2948 ad
371 2912 566 2958 Sophoclis
590 2911 733 2948 fabulas
757 2912 950 2957 pertinent.
