1961 3179
246 160 327 196 334
1646 146 1734 209 [30]

713 361 746 365 -..
776 357 809 370 v
837 362 871 365 -
930 346 936 378 1
979 357 1013 370 ψ
1043 361 1073 365 -
1103 357 1136 370 ψ
1165 339 1261 387 -1)

654 505 688 517 x)
779 505 875 518 ψ-
936 494 940 527 Ι
984 503 1017 516 x)
1046 507 1079 512 ——-
1110 503 1224 516 ψυψ

654 572 893 585 mmmmm
937 562 942 595 Ι
986 571 1223 585 ψυυψψψ

903 640 1015 653 »m
1044 644 1078 647 —
1107 620 1468 668 22——02—2222-
1504 637 1537 650 υ
1562 619 1652 667 --)

806 815 838 817 »ἡ
867 800 1229 823 xa—invij

806 883 839 885 —
869 877 993 891 v—xa
1044 882 1077 884 —
1106 877 1230 890 xa—xx

806 952 839 954 —
868 946 992 960 xxij
1045 951 1077 953 ξ
1106 946 1231 959 υ-κκ

1027 1014 1321 1028 ω-νυ--

360 1089 513 1129 Deinde
559 1090 697 1138 viginti
737 1091 823 1126 octo
864 1090 987 1126 metra
1025 1087 1220 1134 dactylica
1259 1085 1480 1134 continua2)
1523 1084 1740 1132 decurrunt,

248 1170 412 1206 versum,
445 1158 510 1206 qui
539 1158 753 1196 clausulam
784 1156 887 1203 facit,
919 1155 1098 1205 equidem
1128 1156 1290 1192 recitare
1321 1165 1472 1202 nequeo
1503 1153 1594 1204 (nisi
1623 1165 1740 1191 unum

250 1227 333 1265 cod.
363 1228 478 1264 Laur.
509 1226 631 1264 secuti
667 1221 748 1264 σύν
789 1224 977 1271 addimus,
1018 1227 1060 1260 ut
1098 1224 1292 1260 trimetrus
1329 1222 1514 1260 efficiatur
1543 1221 1741 1268 iambicus,

249 1296 314 1343 qui
354 1295 578 1344 saepissime
621 1293 788 1340 dactylis
834 1292 1055 1341 adiungitur
1100 1295 1137 1329 et
1180 1292 1279 1329 bene
1324 1291 1495 1327 ultimam
1540 1289 1740 1338 periodum

249 1364 447 1412 coniungit
488 1374 573 1400 cum
613 1361 766 1411 iambis,
807 1361 871 1408 qui
911 1359 1172 1409 antecedunt).
1243 1359 1375 1397 Omnis
1420 1358 1578 1395 ultimae
1622 1357 1742 1406 partis

248 1431 370 1469 forma
401 1431 595 1468 simillima
626 1432 683 1467 est
713 1430 759 1477 ei,
790 1441 904 1477 quam
935 1429 975 1465 in
996 1428 1084 1466 Hel.
1107 1440 1129 1465 a
1161 1439 1195 1464 v.
1218 1427 1298 1464 375
1330 1426 1505 1463 vidimus.
1564 1425 1608 1462 V.
1635 1424 1742 1462 1004

250 1502 307 1537 est
346 1499 529 1537 transitus
569 1498 848 1546 anapaesticus.
914 1495 1047 1534 Omnis
1087 1496 1228 1533 cantici
1266 1494 1447 1544 periodos
1490 1494 1741 1543 perspicimus

250 1568 481 1616 compositas
498 1578 581 1604 esse
598 1567 826 1615 plerumque
843 1565 895 1602 eis
918 1564 1108 1611 membris,
1130 1575 1225 1612 quos
1246 1563 1376 1600 littera
1392 1575 1415 1599 a
1430 1561 1742 1610 significavimus,

250 1636 472 1684 saepissime
514 1635 671 1681 iteratis,
712 1633 849 1682 quibus
881 1633 1090 1670 intermixti
1127 1632 1194 1669 alii
1224 1642 1370 1678 versus,
1410 1631 1476 1678 qui
1504 1630 1620 1667 iidem
1653 1641 1742 1667 con-

250 1703 375 1742 festim
417 1704 476 1741 bis
514 1706 573 1740 ter
615 1704 752 1750 quater
785 1702 984 1739 iterantur.
1044 1700 1267 1738 Clausulam
1298 1701 1461 1748 apparet
1490 1698 1549 1736 bis
1580 1697 1743 1735 eandem

251 1784 335 1810 esse
366 1771 464 1821 (sive
500 1772 518 1807 1
538 1788 590 1803 =
610 1772 645 1817 2,
676 1771 757 1808 sive
789 1770 812 1806 2
831 1786 883 1801 z
903 1770 953 1817 3).

364 1907 459 1957 Iph.
489 1907 594 1945 Aul.
627 1907 718 1944 276.
777 1906 837 1943 De
877 1905 1046 1943 carmine
1087 1904 1171 1953 Iph.
1199 1904 1291 1942 Aul.
1319 1904 1411 1951 276,
1453 1902 1556 1951 quod
1595 1901 1742 1951 epodus

251 1976 406 2014 videtur
445 1987 545 2023 esse,
585 1975 706 2012 verba
744 1985 823 2011 non
861 1973 1016 2020 faciam,
1057 1984 1142 2010 cum
1183 1973 1266 2010 sine
1309 1972 1424 2009 dubio
1460 1971 1636 2020 Euripidi
1676 1970 1744 2007 tri-

251 2044 446 2082 buendum
486 2056 564 2081 non
606 2044 664 2090 sit,
703 2042 930 2092 praesertim
970 2043 1107 2089 autem,
1147 2052 1233 2079 cum
1264 2041 1524 2078 Hermannum
1563 2041 1668 2077 recte
1704 2037 1744 2075 id

252 2115 383 2162 putem
415 2113 454 2149 in
485 2111 806 2160 antistrophicam
836 2109 1035 2158 redegisse
1066 2110 1264 2147 rationem.

366 2247 532 2286 Bacch.
565 2248 656 2284 576.
716 2246 884 2285 Ultimus
926 2247 1051 2292 locus,
1097 2256 1209 2293 quem
1249 2245 1546 2293 pertractamus,
1586 2241 1744 2291 (Bacch.

253 2317 333 2354 576
347 2316 445 2365 sqq.)
487 2315 784 2353 excitatissimus
829 2316 896 2352 est.
955 2315 1000 2351 In
1039 2313 1198 2350 aedibus
1229 2313 1425 2360 Dionysus
1465 2313 1586 2349 semet
1619 2310 1744 2359 ipsum

253 2385 409 2432 liberat,
451 2387 626 2432 catenas,
671 2385 818 2432 portas,
863 2394 991 2420 muros
1032 2381 1260 2430 perrumpit,
1304 2380 1396 2418 foris
1437 2382 1564 2417 autem
1605 2378 1744 2416 chorus

371 2530 397 2573 ¹)
424 2528 476 2563 Cf.
502 2528 537 2562 in
562 2528 711 2572 stropha
734 2539 769 2562 v.
788 2529 908 2571 9689:

729 2602 863 2651 ἔλεγος,
889 2601 1012 2650 ἔλεγος
1038 2601 1092 2640 {2¹0³
1117 2600 1257 2650 ἔρχεται

730 2666 805 2697 τῶν
831 2660 1078 2705 θανουμένων
1103 2657 1203 2706 ὕπερ.

370 2744 398 2787 2)
422 2743 466 2778 V.
494 2746 590 2787 1007,
627 2746 667 2777 ut
704 2741 873 2786 traditur,
909 2741 1055 2776 tolerari
1092 2740 1227 2784 nequit.
1290 2740 1460 2774 Fortasse
1498 2736 1746 2774 Weckleinius

258 2803 391 2834 rectam
418 2799 632 2833 emendandi
656 2798 749 2833 viam
773 2797 919 2833 invenit.
