1961 3179
198 220 258 273 [3]
1616 221 1695 261 307

197 336 301 374 viros
332 335 467 374 doctos
498 348 576 374 non
605 336 725 386 plane
756 334 866 384 fugit,
898 335 969 373 etsi
998 347 1110 374 nemo
1143 347 1227 374 eam
1258 337 1376 386 plene
1408 336 1607 386 perspexit
1632 339 1698 374 aut

197 404 344 442 animos
389 415 538 451 eorum,
582 404 647 453 qui
692 404 863 442 carmina
906 404 1054 452 legunt,
1099 416 1143 442 eo
1188 405 1364 442 advertit.
1437 405 1535 442 Nam
1580 416 1697 454 saepe

198 471 356 519 accidit,
406 473 448 509 ut
497 471 664 510 editores
710 472 897 510 librorum
939 472 1147 510 lectionem
1192 475 1356 520 mutent,
1405 473 1520 510 immo
1566 484 1698 511 versus

197 541 464 589 transponant,
503 542 546 577 ut
585 540 746 577 alterius
777 551 911 577 versus
941 543 1104 578 metrum
1144 541 1258 578 alteri
1299 541 1523 588 assimilent,
1564 553 1699 579 versus

198 608 341 646 similes
373 619 440 646 seu
470 619 585 657 pares
626 608 785 657 propius
826 604 1073 646 admoveant.
1136 608 1297 647 Omnem
1338 611 1464 646 autem
1499 609 1628 657 legem
1658 612 1700 647 ut

199 678 343 714 certam
382 677 626 726 perspexisse
668 679 705 714 et
744 688 845 725 quae
886 677 951 723 sit,
992 676 1275 715 demonstrasse
1308 678 1451 715 Blassii
1491 679 1548 715 est
1587 689 1699 727 prae-

198 745 348 782 clarum
379 745 565 782 meritum.
626 743 699 790 Qui
725 745 765 782 in
785 745 896 792 libro,
928 745 993 792 qui
1013 745 1235 783 inscribitur
1260 745 1360 793 „Die
1381 744 1605 792 Rhythmen
1631 745 1700 784 der

198 812 390 851 attischen
420 813 705 861 Kunstp1·osa“,
735 825 773 862 p.
796 813 848 849 26
889 814 1081 850 nonnulla
1119 817 1320 862 poetarum
1351 814 1586 862 tragicorum
1617 826 1700 852 car-

198 881 302 918 mina
344 881 487 930 optime
527 881 741 918 illustravit
786 883 824 919 et
865 880 1057 929 quomodo
1103 882 1257 920 soleant
1302 882 1497 930 componi,
1542 881 1700 920 demon-

199 949 380 997 stravit-.¹)
439 949 634 996 Miramur,
666 948 769 997 quod
800 960 861 987 res
902 952 980 986 tam
1010 950 1218 999 perspicua
1249 952 1286 987 et
1315 950 1390 999 ipsi
1421 950 1494 987 arti
1522 951 1701 999 poeticae

198 1018 331 1054 innata
369 1029 448 1055 non
488 1018 593 1066 prius
634 1017 840 1056 observata
882 1020 948 1055 est⁴
1009 1018 1109 1055 Nam
1151 1018 1318 1056 omnium
1349 1019 1521 1067 gentium
1551 1021 1701 1069 poetae,

200 1097 286 1123 cum
332 1086 510 1123 omittunt
554 1088 773 1124 accuratam
819 1085 1054 1135 strophicam
1089 1086 1296 1134 rationem,
1342 1098 1408 1124 eas
1447 1088 1605 1136 regulas
1641 1099 1702 1125 se-

200 1155 383 1202 quuntur,
429 1154 566 1202 quibus
611 1165 745 1192 versus
790 1155 934 1192 similes
980 1156 1018 1192 et
1061 1166 1176 1203 pares
1220 1155 1274 1192 ita
1318 1158 1616 1204 componuntur,
1662 1158 1703 1194 ut

200 1221 404 1260 harmonia
448 1222 638 1271 quaedam
685 1223 840 1260 eveniat
885 1224 922 1260 et
968 1223 1175 1271 elegantia.
1244 1223 1367 1261 Nemo
1414 1235 1530 1261 sanus
1575 1224 1703 1261 omnia

200 1293 408 1328 metrorum
439 1302 584 1338 genera
613 1291 836 1339 permiscuit
866 1302 940 1328 nec
970 1291 1178 1340 permiscet
1209 1293 1248 1328 et
1278 1302 1465 1329 carmen
1505 1293 1704 1330 asseverat

201 1370 242 1396 se
288 1357 520 1405 confecisse;
569 1370 682 1396 nemo
729 1359 917 1407 plurimas
962 1358 1044 1396 fere
1087 1360 1254 1408 partium
1296 1359 1619 1409 astrophiearum,
1663 1363 1705 1398 ut

201 1425 368 1465 editores
399 1438 464 1464 eas
495 1427 625 1465 solent
657 1426 851 1474 dirimere,
883 1428 1055 1465 carmina
1086 1427 1228 1465 audeat
1258 1440 1412 1466 vocare.

192 1482 193 1485 Ἴ
315 1496 545 1544 Priusquam
566 1496 652 1545 ipsa
672 1495 870 1545 Euripidis
892 1497 1044 1534 cantica
1065 1498 1286 1544 tractemus,
1316 1498 1528 1535 nonnullos
1549 1499 1704 1536 nostrae

200 1564 359 1612 linguae
399 1565 510 1602 locos
551 1565 726 1611 afferam,
772 1565 909 1613 quibus
955 1576 1055 1613 quae
1097 1564 1147 1602 sit
1189 1576 1252 1602 res
1295 1564 1467 1603 dilucide
1507 1568 1705 1615 appareat.

201 1633 339 1680 Neque
383 1644 476 1670 vero
522 1634 598 1670 tam
646 1633 813 1682 simplex
858 1635 916 1671 est
955 1634 1170 1671 vernacula
1213 1634 1348 1682 lingua
1387 1645 1502 1682 quam
1544 1634 1706 1681 Graeca,

203 1712 290 1738 cum
331 1700 510 1748 syllabae
550 1701 738 1750 ancipites
776 1701 928 1750 saepius
966 1701 1246 1739 dubitationem
1282 1704 1479 1751 moveant,
1527 1703 1706 1750 syllabae

202 1769 353 1818 breves,
388 1771 515 1807 utrum
546 1770 667 1807 semel
698 1782 748 1807 an
778 1770 836 1808 bis
867 1773 1072 1818 ponantur,
1112 1770 1152 1807 in
1182 1773 1322 1819 poetae
1352 1771 1510 1809 arbitrio
1541 1772 1707 1820 positum

204 1837 262 1875 sit.
321 1838 472 1875 Tamen
503 1838 633 1875 omnia
664 1838 801 1876 eodem
832 1838 947 1876 modo
978 1850 1018 1876 se
1048 1838 1204 1887 habent,
1246 1850 1321 1887 quo
1355 1838 1506 1878 Graeca
1537 1840 1708 1877 carmina

204 1907 342 1953 soluta,
373 1909 414 1944 ut
435 1905 589 1944 Goethii
620 1918 786 1955 carmen,
818 1907 920 1955 quod
940 1907 1162 1945 inscribitur
1187 1907 1448 1955 „Wanderers
1469 1907 1703 1947 Sturmlied“

205 1974 253 2012 ab
284 1973 343 2012 his
373 1975 550 2012 versibus
581 1975 734 2024 incipit:

321 2130 347 2175 1)
373 2130 497 2176 Nuper
521 2130 734 2176 Ebelingius
765 2131 1056 2166 dissertationem
1090 2131 1206 2166 edidit
1241 2131 1307 2175 „de
1337 2132 1557 2176 tragicorum
1582 2135 1708 2177 poeta-

205 2197 283 2222 rum
301 2186 426 2222 Graec.
446 2188 594 2223 canticis
619 2188 768 2223 solutis“
789 2188 901 2233 (Diss.
919 2188 1004 2232 phil.
1023 2187 1101 2222 Hal.
1121 2188 1201 2223 Vol.
1219 2188 1298 2231 XV,
1324 2199 1407 2233 pars
1426 2190 1472 2233 3),
1499 2199 1601 2233 quae,
1628 2199 1709 2223 cum

208 2244 508 2289 conscripsissem
533 2245 645 2280 haece
670 2245 799 2289 studia,
833 2245 990 2280 nondum
1025 2245 1124 2290 typis
1157 2248 1232 2280 erat
1265 2245 1447 2290 descripta
1471 2249 1579 2290 atque
1604 2246 1710 2281 etiam

205 2300 242 2335 in
265 2301 571 2346 recognoscendis
596 2301 652 2337 his
675 2301 947 2346 quaestionibus
964 2302 1026 2336 vix
1043 2301 1117 2337 ullo
1136 2301 1218 2337 loco
1237 2301 1368 2337 fructui
1384 2302 1470 2336 mihi
1487 2306 1572 2337 erat.
1620 2303 1709 2337 Nam

207 2361 334 2393 auctor
364 2369 542 2404 nusquam
575 2359 651 2394 fere
682 2359 851 2404 explicat,
890 2370 962 2404 quo
999 2359 1109 2394 modo
1147 2359 1272 2394 critica
1303 2360 1442 2394 ratione
1476 2359 1711 2403 exquisiverit

206 2416 319 2451 verba
342 2415 443 2451 libris
467 2416 600 2451 tradita
624 2419 661 2451 et
685 2416 843 2451 virorum
868 2417 1059 2451 doctorum
1086 2417 1322 2460 coniecturas,
1349 2417 1481 2461 quibus
1507 2417 1623 2451 causis
1649 2419 1712 2451 aut

209 2472 397 2508 retinuerit
423 2477 484 2508 aut
508 2474 702 2508 mutaverit
727 2473 896 2509 codicum
921 2474 1107 2508 lectiones.
1157 2474 1273 2516 Quare
1290 2473 1390 2508 nullo
1408 2474 1490 2508 1060
1509 2477 1711 2508 commotus

208 2539 298 2574 sum,
324 2532 364 2564 ut
391 2540 471 2565 eum
498 2533 643 2565 secutus
668 2533 846 2566 mutarem
871 2530 1095 2565 canticorum
1119 2530 1241 2574 verba,
1268 2540 1361 2575 quae
1387 2541 1456 2575 ego
1474 2541 1619 2575 semper
1634 2530 1712 2565 fere

208 2596 229 2621 a
254 2586 420 2622 codicum
445 2587 602 2622 lectione
627 2598 846 2633 progressus
879 2591 1030 2622 conatus
1063 2598 1142 2622 sum
1174 2587 1377 2622 restituere.
1425 2587 1525 2629 Quae
1557 2588 1712 2623 cumita

209 2643 291 2688 sint,
316 2644 504 2688 permultis
528 2644 618 2679 loeis
644 2648 682 2679 et
705 2645 741 2679 in
766 2644 888 2679 verbis
905 2644 1137 2679 restituendis
1156 2645 1243 2679 etin
1268 2645 1425 2680 numeris
1442 2645 1713 2689 perscribendis

208 2711 359 2736 neeesse
384 2704 440 2736 est
464 2701 674 2737 dissentiam
699 2701 743 2736 ab
768 2701 961 2746 Ebelingio
987 2702 1119 2746 (pauca
1144 2702 1179 2736 in
1204 2702 1285 2736 adn.
1311 2701 1463 2746 addidi).
1511 2701 1623 2743 Quem
1649 2701 1712 2735 im-

207 2757 331 2802 primis
355 2757 450 2803 tugit
474 2758 723 2793 dochmiorum
749 2758 908 2804 singulas
940 2758 1074 2794 formas
1110 2759 1246 2803 optime
1279 2759 1372 2794 inter
1406 2769 1446 2794 se
1477 2758 1711 2803 respondere.

208 2835 252 2841 —
289 2814 428 2850 Tamen
463 2815 697 2851 vehementer
737 2815 900 2861 gaudeo,
942 2816 1043 2861 quod
1083 2826 1220 2851 summa
1261 2816 1452 2861 utriusque
1493 2815 1714 2861 quaestionis

209 2871 338 2908 eadem
363 2874 429 2908 est.

1444 2941 1509 2977 21*
