1961 3179
288 261 370 299 420
1662 253 1777 308 [116]

401 385 645 434 Antisti-ophi
674 385 971 433 intcriectiones,
1002 395 1100 433 quae
1130 386 1218 422 sunt
1238 384 1276 421 in
1297 384 1419 433 primo
1441 395 1554 422 versu
1575 384 1700 432 (232),
1730 383 1781 422 ad

290 453 521 502 explendam
553 455 733 491 lacunam
764 452 915 491 additas
946 451 1169 490 Dindorfius
1204 452 1401 501 perspexit
1430 463 1557 501 neque
1587 451 1661 489 hoc
1690 452 1779 489 loco

288 525 344 559 tot
374 525 496 559 metra
527 521 872 559 exclamationibus
903 523 1064 570 possunt
1096 519 1243 558 confici.
1303 519 1430 566 Quare
1462 520 1576 557 etiam
1597 518 1780 568 strophae

289 589 508 627 emendatio
538 590 686 627 incerta
717 600 799 627 esse
831 588 956 627 debet.
1014 588 1145 626 Verba
1174 588 1268 634 πῶς
1298 587 1363 642 πᾷ
1393 588 1478 636 (27)
1509 590 1550 625 ut
1579 587 1782 625 traduntur

288 658 421 707 inepta
451 661 538 696 sunt
570 660 607 695 et
635 657 718 695 fieri
745 659 883 706 potest,
913 659 954 695 ut
984 668 1139 705 prorsus
1170 657 1245 694 sint
1275 656 1453 696 delenda.

401 725 541 764 Altera
581 725 802 774 corruptela
843 725 890 762 ab
936 724 1145 763 editoribus
1185 725 1367 773 neglecta
1405 724 1650 776 perspicitur,
1695 735 1782 761 cum

287 793 553 843 perturbatum
593 793 880 832 consideremus
916 793 1193 831 sententiarum
1232 793 1415 831 ordinem.
1481 791 1628 831 Chorus
1667 792 1782 829 anxie

289 862 459 910 quaerit:
505 862 714 910 „Exibitne
755 861 894 910 quis?“
968 862 1087 909 (Nam
1129 863 1166 899 et
1206 862 1311 899 laeta
1351 863 1389 898 et
1427 860 1608 909 lugubria
1654 861 1783 909 potest

290 929 465 979 proferre
495 930 660 978 nuntius,
703 930 769 978 qui
809 942 856 968 ex
887 929 1047 968 aedibus
1076 929 1292 979 procedat.)
1350 930 1450 967 Tum
1480 929 1573 967 libri
1600 930 1782 978 pergunt:

294 1010 374 1045 „an
415 998 560 1035 crinem
600 1009 771 1036 resecem
793 1028 801 1036 .
823 1027 831 1035 .
853 1028 862 1035 .
887 998 903 1018 “
978 997 1154 1047 Apparet
1198 996 1389 1035 excidisse
1428 997 1566 1035 verba:
1615 996 1782 1045 „Utrum

289 1064 459 1114 gaudere
488 1066 583 1103 licet
613 1078 663 1103 an
685 1097 693 1105 .
715 1096 723 1103 .
746 1096 753 1103 .
779 1066 796 1084 “
861 1064 1108 1114 Antistrophi
1137 1076 1272 1104 versus
1307 1065 1445 1103 iterum
1475 1064 1637 1114 praebet
1665 1064 1782 1102 inter-

287 1133 504 1181 iectionem,
536 1145 636 1183 quae
668 1136 804 1182 quater
833 1134 960 1182 posita
989 1134 1056 1171 vix
1086 1133 1243 1171 retineri
1272 1135 1410 1183 potest,
1440 1132 1666 1182 praesertim
1697 1144 1783 1171 cum

290 1201 416 1240 denuo
446 1200 624 1239 videatur
652 1203 832 1240 lacunam
864 1202 1036 1251 explere.

401 1270 483 1307 Iam
513 1269 711 1308 videamus
750 1281 944 1308 numeros:
984 1269 1295 1308 Interiectionem
1336 1263 1388 1309 ἰώ
1428 1269 1484 1320 (in
1521 1272 1599 1307 ant.
1621 1268 1783 1318 παπαῖ)

289 1337 566 1376 secernendam
597 1349 683 1376 esse
713 1350 737 1375 a
765 1338 928 1387 reliquis
958 1338 1089 1376 metris
1120 1337 1286 1376 editores
1316 1337 1424 1387 fugit,
1455 1350 1541 1376 cum
1570 1338 1784 1376 iamborum

289 1406 420 1455 legum
440 1406 608 1455 imperiti
627 1405 780 1444 fuerint.
839 1406 988 1444 Tamen
1010 1418 1078 1444 sex
1099 1409 1221 1444 metra
1241 1406 1406 1444 iambica
1425 1405 1542 1444 facile
1564 1406 1783 1454 decurrunt,

289 1485 389 1522 quae
418 1476 522 1512 recte
558 1475 675 1523 legat,
716 1475 781 1522 qui
811 1485 990 1512 numeros
1031 1473 1208 1513 didicerit
1247 1475 1454 1512 observare
1493 1477 1531 1513 et
1570 1474 1782 1513 iamborum

289 1553 387 1590 quae
418 1542 494 1580 sint
528 1542 659 1580 variae
688 1541 845 1589 formae,
885 1543 1045 1580 noverit.
1108 1543 1267 1580 Versum
1297 1542 1479 1580 traditum
1509 1543 1623 1592 (221)
1654 1554 1782 1581 corru-

288 1613 395 1658 ptum
426 1621 511 1648 esse
542 1611 657 1647 etiam
688 1622 708 1648 e
748 1610 917 1648 numeris
953 1611 1206 1659 intellegitur,
1249 1622 1333 1649 cum
1373 1611 1551 1660 equidem
1591 1610 1783 1660 quomodo

289 1677 435 1725 metiar,
465 1678 586 1726 plane
615 1678 800 1726 ignorem.
861 1677 934 1724 Qui
955 1679 986 1716 si
1007 1678 1248 1728 antistropho
1269 1678 1382 1717 fidem
1404 1679 1600 1727 habemus,
1631 1679 1784 1718 videtur

290 1743 422 1783 fuisse:

730 1810 1333 1846 --ψ-κ-ψψ>-ιψ-ψΞ

291 1880 510 1929 Sequuntur
541 1883 720 1929 quattuor
750 1884 872 1920 metra
901 1883 1067 1921 iambica
1105 1883 1228 1933 primo
1260 1884 1450 1933 tertioque
1480 1896 1550 1934 per
1581 1885 1783 1923 anaclasin

290 1948 431 1986 inflexo
463 1951 501 1986 et
530 1949 667 1987 iterum
698 1952 845 1998 septem
874 1962 998 1999 usque
1029 1951 1080 1988 ad
1109 1950 1223 1990 finem
1261 1953 1496 2001 continuata,
1536 1964 1622 1991 cum
1652 1953 1784 1991 nullus

291 2016 340 2053 sit
369 2015 506 2056 hiatus,
567 2016 673 2063 Quae
704 2018 930 2065 syllabatim
959 2019 1178 2069 perscripta
1208 2019 1305 2059 haec
1336 2023 1440 2059 sunt:

1402 2186 1591 2202 ψ--ι

292 2243 457 2292 Syllaba
491 2243 682 2293 producta
719 2245 845 2283 medio
881 2246 922 2283 in
962 2258 1091 2295 versu,
1132 2259 1247 2297 quam
1286 2248 1369 2287 cod.
1391 2249 1475 2287 Pal.
1506 2249 1628 2287 secuti
1665 2247 1783 2287 facile

292 2312 418 2349 eicere
448 2323 659 2360 possumus,
689 2324 768 2350 non
798 2313 981 2351 mutanda
1002 2315 1164 2363 videtur,
1195 2328 1280 2354 cum
1301 2328 1445 2364 versus,
1477 2317 1542 2365 qui
1562 2319 1784 2365 sequuntur,

293 2378 455 2417 eandem
485 2379 699 2428 praebeant
727 2380 944 2419 licentiam:

565 2465 595 2475 v

564 2476 733 2490 e—v—
769 2458 893 2507 (hiatu
923 2473 946 2498 a
975 2462 1135 2511 reliquis
1165 2463 1272 2501 clare
1302 2463 1533 2512 seiunctum)

562 2543 1142 2562 ------------

294 2604 474 2643 Senarius
505 2607 562 2643 est
592 2617 640 2643 ex
671 2605 816 2655 dialogi
846 2619 916 2646 usu
947 2609 1215 2658 conformatus,
1247 2622 1359 2660 quem
1388 2611 1428 2648 in
1459 2611 1628 2649 carmine
1657 2611 1784 2659 lyrico

295 2684 482 2720 nusquam
513 2672 615 2722 apud
646 2674 870 2723 Euripidem
898 2678 1082 2726 reperias,
1113 2678 1211 2716 sicut
1233 2691 1317 2717 eum
1339 2691 1503 2727 versum,
1534 2690 1648 2728 quem
1669 2690 1785 2728 supra

295 2740 491 2788 exscripsi,
523 2742 561 2778 et
591 2740 708 2778 alium
739 2741 778 2778 in
809 2741 1018 2783 Alcestidis
1049 2746 1242 2785 monodia:

511 2830 546 2855 v.
579 2818 670 2856 254.
700 2837 734 2851 υ
762 2843 796 2847 -
825 2831 1503 2868 ψυψι--υ-Ι--υ-Ιυ..-

498 2901 550 2917 =
580 2886 673 2923 261.
703 2908 859 2928 ew„
887 2917 922 2921 -
953 2902 1502 2936 ,υ-ψ-,υ-υ-,υ--
