1961 3179
163 168 247 224 [17]
1576 170 1655 209 321

163 285 381 324 Emendare
413 286 542 324 conati
571 287 659 323 sunt
689 285 875 324 librorum
901 285 1110 323 lectionem
1132 284 1332 323 Nauckius
1354 287 1391 323 et
1413 284 1657 332 Schenklius,

164 365 326 403 quorum
356 355 457 391 alter
486 346 634 407 ἧμαι),
665 354 765 391 alter
796 345 821 405 ἧ
843 347 924 392 σὰν
955 353 1118 402 scripsit,
1150 353 1253 402 quod
1275 356 1478 402 utrumque
1499 353 1660 391 tolerari

163 424 302 471 potest.
332 444 388 449 ——
418 422 519 459 Tum
548 432 695 459 rursus:

368 500 462 539 485.
709 518 776 532 νυ
788 519 821 532 υ
833 519 901 533 νυ
916 509 920 543 Ι
936 519 1003 533 W
1015 519 1049 533 υ
1061 523 1094 527 -—

164 583 202 619 et
232 580 345 619 finem
377 581 471 618 facit
500 580 574 618 hoc
606 580 834 618 membrum:

675 678 842 691 —ij—
857 679 1140 692 ψψψψψψ

165 739 292 786 Quare
322 739 472 778 mediae
503 740 625 789 partis
655 739 778 789 figura
808 740 906 779 haec
937 740 1018 778 fere
1049 744 1121 778 est:

892 833 948 869 3a

891 901 945 937 210

904 981 926 1005 a

902 1037 926 1074 b

165 1126 329 1176 Singula
359 1128 447 1165 cola
477 1139 555 1165 non
585 1128 704 1177 plane
736 1127 872 1165 eadem
903 1129 1003 1175 sunt,
1034 1126 1102 1165 sed
1133 1127 1342 1165 simillima.

277 1229 380 1267 Hel.
413 1230 506 1267 229.
566 1230 688 1267 Multo
711 1228 952 1269 artificiosius
974 1229 1112 1278 parodi
1133 1229 1280 1278 epodus
1302 1229 1342 1266 in
1363 1230 1450 1267 Hel.
1473 1242 1504 1266 a.
1526 1242 1561 1267 v.
1580 1231 1658 1266 229

165 1298 378 1346 composita
410 1300 476 1346 est,
509 1310 607 1346 quae
638 1298 849 1337 falsissima
880 1298 1127 1336 distinctione
1149 1298 1197 1336 ab
1219 1298 1432 1336 editoribus
1454 1299 1554 1336 solet
1574 1311 1660 1347 per—

163 1366 311 1403 turbari
342 1368 380 1404 et
409 1366 590 1413 mutilari,
633 1367 705 1404 etsi
737 1366 783 1404 de
814 1367 1006 1415 scriptura
1035 1378 1183 1415 paucae
1215 1369 1362 1404 restant
1393 1366 1663 1405 dubitationes.

162 1434 325 1472 Numeri
353 1436 395 1471 ut
424 1434 521 1472 recti
551 1434 637 1481 sint,
669 1428 833 1483 apparet
861 1434 1168 1472 interiectionem
1190 1433 1273 1485 φεῦ
1305 1433 1404 1485 φεῦ,
1435 1446 1534 1483 quae
1554 1435 1663 1472 initio

163 1501 291 1550 posita
321 1504 389 1548 est,
430 1500 477 1538 ab
519 1501 603 1550 ipso
634 1505 755 1539 metro
786 1501 1066 1539 secludendam
1098 1513 1182 1539 esse
1213 1502 1302 1549 (etsi
1331 1513 1418 1539 raro
1449 1501 1550 1538 illud
1581 1501 1663 1551 φεῦ

164 1569 219 1607 sic
249 1569 380 1619 posuit
409 1569 552 1618 poeta).
611 1570 706 1608 Alio
739 1569 851 1608 modo
882 1581 996 1607 nemo
1028 1581 1181 1607 versum
1212 1572 1339 1618 potest
1363 1570 1544 1616 recitare3
1574 1582 1663 1607 nam

167 1636 262 1685 quid
297 1636 371 1675 sibi
405 1637 502 1675 velit
538 1637 737 1676 dochmius
776 1638 920 1687 plenus
956 1656 1216 1670 vvvvvv
1259 1637 1326 1686 (de
1366 1637 1441 1676 hoc
1477 1649 1592 1675 versu
1630 1650 1663 1675 v,

163 1705 283 1755 infra)
323 1706 363 1742 in
402 1705 529 1754 initio,
571 1706 635 1754 qui
675 1718 746 1755 per
784 1718 826 1744 se
866 1710 969 1745 stare
1008 1718 1087 1744 non
1134 1709 1280 1755 potest,
1321 1705 1390 1744 sed
1427 1706 1483 1744 eis
1513 1708 1663 1744 tantum

163 1774 264 1812 locis
302 1773 518 1822 adhibetur,
555 1774 693 1822 quibus
728 1774 906 1812 traducat
942 1786 1156 1812 sermonem
1188 1787 1211 1812 a
1242 1773 1431 1812 dochmiis
1469 1774 1518 1812 ad
1555 1774 1664 1811 aliud

165 1844 372 1880 metrorum
418 1854 556 1891 genus,
602 1843 767 1880 maxime
813 1843 863 1880 ad
906 1843 1070 1892 iambos,
1117 1843 1293 1892 equidem
1339 1855 1419 1880 non
1463 1843 1663 1891 intellego.

164 1910 326 1948 Numeri
360 1911 476 1959 igitur
512 1911 702 1959 incipiunt
738 1923 761 1948 a
795 1914 1019 1949 tetrametro
1060 1911 1242 1959 iambico,
1283 1912 1389 1949 cuius
1425 1912 1590 1960 primum
1627 1913 1665 1948 et

164 1979 341 2016 ultimum
377 1982 539 2016 metrum
574 1979 766 2028 integrum
798 1982 866 2027 est,
903 1979 1029 2017 media
1059 1991 1266 2029 suppressa
1296 1980 1407 2017 brevi
1438 1982 1582 2027 ornata,
1624 1982 1665 2016 ut

164 2046 288 2095 figura
323 2048 387 2085 sit:
424 2047 535 2086 abba.
594 2048 735 2085 Altera
771 2047 930 2086 huiusce
965 2060 1099 2086 versus
1134 2060 1225 2097 pars
1263 2049 1391 2086 statim
1427 2049 1592 2087 iteratur
1627 2050 1665 2085 et

166 2115 339 2164 spondeo
375 2116 612 2153 terminatur.
671 2116 716 2153 In
752 2115 917 2164 syllabis
954 2119 1080 2154 autem
1117 2116 1255 2154 solutis
1290 2128 1362 2165 per
1390 2118 1512 2153 totum
1543 2116 1664 2153 canti-

168 2194 254 2220 cum
285 2186 392 2221 certa
421 2195 500 2222 non
532 2187 589 2222 est
617 2185 880 2232 congruentia,
909 2185 950 2221 in
972 2196 1048 2233 qua
1068 2196 1121 2232 re,
1153 2196 1238 2222 cum
1259 2184 1412 2233 saepius
1434 2184 1664 2231 inveniatur,

167 2251 363 2289 offendere
409 2264 485 2289 non
526 2263 739 2301 possumus.
809 2252 849 2290 Si
889 2251 928 2289 id
968 2255 1158 2301 tenemus,
1202 2253 1357 2290 tertium
1398 2253 1664 2301 cognoscimus

166 2331 321 2357 versum
352 2332 373 2357 e
403 2321 526 2369 primo
564 2320 771 2358 deductum
808 2332 893 2359 esse
924 2321 1062 2359 omisso
1094 2321 1220 2358 denuo
1251 2332 1328 2358 uno
1360 2323 1491 2367 metro,
1528 2321 1664 2358 ultimo

165 2387 316 2427 iterato.
366 2388 509 2426 Versus
540 2389 658 2437 igitur
688 2390 830 2438 optime
861 2400 908 2427 ex
931 2390 1206 2427 sententiarum
1233 2389 1420 2426 incisione
1442 2388 1666 2426 dividuntur

165 2455 310 2494 verbis:
349 2451 531 2508 χθονός,
572 2451 767 2506 πεύκαν,
814 2451 1110 2509 συναρμόσας,
1151 2460 1189 2494 et
1224 2468 1347 2505 usque
1384 2456 1434 2494 ad
1471 2457 1665 2496 senarium

166 2524 317 2562 numeri
347 2524 388 2562 hi
419 2527 522 2563 sunt:

537 2617 662 2654 interi.

374 2684 466 2721 230.
509 2694 707 2725 ψ--υῇμ
743 2708 775 2711 -
804 2695 901 2726 υ-τ
936 2708 968 2711 —
998 2704 1031 2717 ψ
1061 2707 1094 2711 —
1128 2695 1129 2725 1
1158 2704 1326 2717 υ-υ-

725 2764 1029 2794 »ΛΝ-μων
1058 2776 1092 2779 —
1130 2763 1341 2794 ;υ-υ-;
1387 2775 1417 2783 —
1478 2774 1507 2784 a

946 2841 1109 2854 „vom
1157 2834 1530 2854 Q—Q—=v-„-

238 2885 317 2911 Dies.
331 2886 401 2912 Hal.
421 2885 486 2912 XV.
1418 2891 1461 2922 22
