1961 3179
259 73 340 111 426
1636 72 1748 124 [122]

258 187 509 237 perturbavit.
567 185 758 235 Strophae
797 186 1026 235 scripturam
1067 187 1223 224 Wilam.
1251 186 1555 226 Heimsoethium
1595 188 1748 225 secutus

259 256 401 305 optime
430 255 606 303 restituit,
637 254 917 303 antistrophum
947 254 1082 293 Elmsl.
1112 255 1294 293 correxit:

458 343 661 398 χαλκέοις
693 337 912 387 {inionem
949 344 1179 386 Δαναϊδῶν
1216 339 1545 400 στρατηλὰτων.

257 437 512 475 Marklandus
542 449 591 475 ex
620 437 752 486 spuria
780 437 949 475 lectione
978 434 1233 489 χαλκέοισιν
1260 435 1462 490 χαλκέοις
1493 434 1556 477 ἐνε

810 540 844 544 -
856 539 889 544 -
902 534 935 549 ψ
948 539 980 544 .-
996 524 1000 559 Ι
1015 539 1049 543 -
1061 540 1093 543 -
1106 535 1140 549 υ
1151 540 1184 544 -

257 597 413 646 fecerat,
454 596 557 645 quod
588 596 867 644 Weckleinius,
906 599 948 635 ut
979 600 1036 635 est
1074 609 1319 635 numerorum
1348 597 1556 647 imperitus,
1592 597 1749 646 recepit,

258 677 487 714 quamquam
510 665 699 713 Elmsleyi
721 664 1029 703 emendationem
1051 677 1129 703 non
1148 666 1362 715 ignorabat.
1421 665 1600 714 Sequitur
1623 665 1748 702 denuo

257 734 322 772 hic
352 735 560 771 trimetrus:

766 797 1253 832 -υυ-ι-ψ--ιυ--

371 870 504 907 Tertia
526 869 683 918 stropha
704 882 726 906 a
748 869 895 907 duobus
915 870 1050 919 incipit
1070 870 1252 907 trimetris
1274 870 1447 907 cantatis,
1507 869 1553 907 In
1574 869 1750 907 omnibus

257 938 368 976 huius
399 938 539 976 cantici
569 938 667 975 locis
695 937 823 975 theses
855 938 1004 975 solutae
1045 940 1245 975 accurrate
1281 937 1383 974 inter
1422 948 1462 975 se
1501 936 1750 986 respondent,

257 1006 347 1044 libri
377 1017 529 1055 semper
559 1006 673 1044 etiam
703 1006 881 1043 vocalem
912 1018 938 1044 α
968 1017 1038 1054 pro
1069 1019 1095 1058 η
1126 1007 1230 1043 recte
1261 1007 1472 1042 servarunt.

370 1144 414 1180 In
441 1144 554 1181 Herc.
583 1142 734 1180 demum
765 1143 918 1192 saepius
949 1143 1165 1180 invenimus
1196 1143 1388 1180 trimetros
1418 1142 1601 1180 iambicos
1632 1141 1749 1180 doch-

257 1212 341 1249 miis
371 1212 545 1258 insertos,
577 1213 615 1249 et
644 1214 851 1260 propterea
881 1210 943 1248 hic
974 1211 1137 1260 primum
1177 1209 1350 1248 dilucide
1380 1212 1558 1260 apparet,
1588 1211 1750 1258 quanto-

257 1292 349 1329 pere
380 1280 573 1318 trimetrus
604 1279 719 1318 distet
749 1292 772 1317 a
801 1280 984 1327 trimetro,
1015 1291 1129 1328 quam
1161 1281 1341 1318 accurate
1371 1280 1472 1317 alter
1492 1278 1750 1328 seiungendus

257 1349 306 1386 sit
336 1349 384 1386 ab
415 1349 550 1386 altero.

370 1417 502 1456 Herc.
546 1416 639 1454 880.
709 1416 752 1453 V.
784 1416 866 1453 880
912 1416 1071 1463 syllaba
1114 1415 1223 1453 brevi
1268 1427 1290 1452 a
1334 1426 1449 1452 versu
1494 1426 1549 1463 sq.
1594 1413 1749 1452 divisus.

259 1483 392 1531 Quem,
423 1484 494 1522 etsi
524 1484 763 1521 enuntiatum
795 1483 1000 1521 admodum
1032 1486 1091 1521 est
1121 1484 1298 1530 solutum,
1337 1485 1467 1520 tamen
1496 1494 1582 1520 cum
1611 1482 1751 1520 breves

258 1564 389 1590 omnes
428 1553 602 1601 integrae
644 1552 734 1600 sint,
780 1552 880 1589 inter
925 1554 1100 1589 cantatos
1144 1550 1355 1589 habeamus
1400 1550 1520 1588 adiuti
1563 1550 1750 1589 librorum

256 1621 441 1659 lectione:
472 1617 670 1670 βέβακεν,
703 1610 742 1659 ἁ.

371 1756 500 1794 Herc.
533 1755 625 1793 905.
684 1756 805 1794 Recte
835 1766 904 1794 nos
936 1767 1121 1793 summam
1151 1755 1228 1793 vim
1257 1755 1436 1793 tribuisse
1470 1753 1634 1803 syllabis
1664 1753 1748 1792 bre-

256 1825 367 1862 vibus
397 1835 511 1862 versu
534 1824 613 1861 905
637 1824 791 1873 egregie
814 1822 1070 1872 confirmatur,
1102 1835 1215 1872 quem
1235 1823 1308 1861 hoc
1327 1824 1415 1861 loco
1437 1822 1588 1870 addam,
1619 1834 1751 1871 quam-

259 1905 372 1941 quam
417 1891 464 1930 de
509 1892 641 1930 multis
687 1891 858 1930 eiusdem
903 1891 1006 1930 modi
1049 1891 1224 1929 versibus
1274 1890 1375 1928 infra
1423 1890 1628 1929 dicendum
1669 1890 1749 1928 erit.

257 1960 365 1998 Libri
396 1971 529 1997 omncs
560 1971 694 1997 versus
725 1959 841 1997 choro
870 1960 1108 1997 continuant.
1167 1960 1307 1997 Totum
1328 1970 1484 1996 carmen
1503 1970 1573 2009 pro
1594 1958 1749 1996 stasimo

258 2030 443 2076 cantatur,
475 2039 527 2066 sc.
558 2028 607 2065 ab
637 2028 818 2065 universo
840 2027 958 2066 choro
979 2050 1035 2054 —
1055 2027 1094 2065 id
1116 2027 1190 2065 hoc
1211 2028 1299 2065 loco
1321 2029 1465 2065 certum
1485 2026 1648 2073 videtur,
1679 2026 1751 2064 etsi

258 2097 430 2143 Wilam.,
473 2096 505 2133 si
548 2096 669 2134 verba
714 2096 795 2133 eius
834 2098 939 2134 recte
979 2096 1221 2144 interpretor,
1268 2094 1488 2143 coryphaeo
1528 2093 1568 2132 id
1607 2094 1748 2134 tribuit.

259 2164 373 2203 Cuius
413 2163 752 2202 dissertatiuncula
792 2164 920 2211 (Herc.
942 2164 990 2211 II,
1021 2176 1057 2212 p.
1085 2164 1160 2201 189
1174 2163 1262 2213 sq.),
1305 2175 1537 2211 quamquam
1568 2162 1602 2201 ei
1629 2163 1749 2211 plane

258 2232 436 2270 assentiri
465 2243 544 2269 non
573 2243 740 2280 possum,
772 2230 1007 2269 conferenda
1037 2234 1105 2269 est.
1162 2231 1331 2269 Nimium
1370 2231 1567 2279 antiquam
1597 2232 1748 2279 tragoe-

260 2301 359 2338 diam
401 2301 503 2337 intra
542 2299 829 2349 philologorum
869 2299 1053 2337 terminos
1094 2310 1273 2337 coercere
1319 2298 1411 2336 mihi
1450 2298 1618 2347 videtur,
1663 2309 1749 2335 cum

259 2368 375 2414 neget
420 2366 639 2414 quindecim
685 2366 888 2404 choreutas
933 2367 1094 2405 alternis
1143 2367 1314 2416 potuisse
1360 2377 1499 2404 canere
1543 2377 1628 2403 cum
1671 2376 1748 2402 uno

259 2433 445 2471 histrione
476 2437 542 2471 aut
572 2433 834 2482 coryphaeum
864 2435 980 2472 totius
1011 2434 1119 2472 chori
1148 2434 1267 2472 verba
1298 2433 1347 2471 ad
1377 2433 1491 2471 finem
1511 2432 1748 2482 perduxisse.

260 2502 378 2538 Recte
419 2501 573 2549 quidem
616 2501 835 2551 coryphaeo
875 2503 989 2551 plura
1028 2502 1247 2540 tribuuntur
1287 2513 1401 2550 quam
1442 2513 1464 2538 a
1501 2500 1672 2539 librariis
1712 2502 1750 2538 et

261 2568 470 2607 editoribus
500 2569 583 2606 fieri
613 2571 721 2618 solet,
761 2572 890 2608 tamen
920 2570 986 2607 vix
1015 2572 1095 2608 tota
1132 2570 1293 2618 cantica,
1333 2569 1402 2607 sed
1432 2569 1575 2617 singuli
1604 2579 1748 2606 versus.

373 2637 458 2674 Hoc
473 2637 561 2675 loco
578 2638 896 2675 Wilamowitzius
909 2640 946 2675 et
961 2637 1231 2675 Weckleinius
1246 2640 1351 2675 recte
1367 2638 1632 2686 cognoverunt
1652 2647 1750 2673 non-

260 2704 391 2744 nullos
421 2715 553 2743 versus
583 2704 699 2743 choro
730 2717 808 2743 non
837 2716 951 2757 posse
980 2705 1096 2743 tribui
1117 2708 1232 2756 atque
1252 2706 1419 2753 Wilam.,
1448 2704 1514 2754 qui
1533 2703 1606 2742 hoc
1625 2704 1749 2755 ipsum
