<?xml version="1.0" encoding="UTF-8"?>
<!DOCTYPE html PUBLIC "-//W3C//DTD XHTML 1.0 Transitional//EN"
    "http://www.w3.org/TR/xhtml1/DTD/xhtml1-transitional.dtd">
<html xmlns="http://www.w3.org/1999/xhtml" xml:lang="en" lang="en">
 <head>
  <title>
</title>
<meta http-equiv="Content-Type" content="text/html;charset=utf-8" />
  <meta name='ocr-system' content='tesseract 3.04.00' />
  <meta name='ocr-capabilities' content='ocr_page ocr_carea ocr_par ocr_line ocrx_word'/>
</head>
<body>
  <div class='ocr_page' id='page_1' title='image "./novastudiaeuripi00lohmuoft_0059.png"; bbox 0 0 1961 3179; ppageno 0'>
   <div class='ocr_carea' id='block_1_1' title="bbox 193 217 1685 279">
    <p class='ocr_par' dir='ltr' id='par_1_1' title="bbox 193 217 1685 279">
     <span class='ocr_line' id='line_1_1' title="bbox 193 217 1685 279; baseline -0.016 1"><span class='ocrx_word' id='word_1_1' title='bbox 193 224 279 279; x_wconf 86' lang='grc'>[47]</span> <span class='ocrx_word' id='word_1_2' title='bbox 1608 220 1657 258; x_wconf 85' lang='lat'><strong>35</strong></span> <span class='ocrx_word' id='word_1_3' title='bbox 1670 217 1685 256; x_wconf 85' lang='lat'>1</span> 
     </span>
    </p>
   </div>
   <div class='ocr_carea' id='block_1_2' title="bbox 193 333 1691 729">
    <p class='ocr_par' dir='ltr' id='par_1_2' title="bbox 193 333 1691 729">
     <span class='ocr_line' id='line_1_2' title="bbox 307 333 1688 389; baseline -0.008 -8"><span class='ocrx_word' id='word_1_4' title='bbox 307 342 376 381; x_wconf 90' lang='lat' dir='ltr'><strong>Or.</strong></span> <span class='ocrx_word' id='word_1_5' title='bbox 407 341 500 381; x_wconf 88' lang='lat'>831.</span> <span class='ocrx_word' id='word_1_6' title='bbox 560 339 782 389; x_wconf 80' lang='lat' dir='ltr'><strong>Simplicior</strong></span> <span class='ocrx_word' id='word_1_7' title='bbox 813 340 871 376; x_wconf 85' lang='lat' dir='ltr'><strong>est</strong></span> <span class='ocrx_word' id='word_1_8' title='bbox 901 336 1047 387; x_wconf 83' lang='lat' dir='ltr'><strong>epodus</strong></span> <span class='ocrx_word' id='word_1_9' title='bbox 1070 337 1209 376; x_wconf 87' lang='lat' dir='ltr'><strong>cantici</strong></span> <span class='ocrx_word' id='word_1_10' title='bbox 1230 336 1384 375; x_wconf 84' lang='lat' dir='ltr'><strong>Aeolici</strong></span> <span class='ocrx_word' id='word_1_11' title='bbox 1411 335 1450 373; x_wconf 88' lang='lat' dir='ltr'><strong>in</strong></span> <span class='ocrx_word' id='word_1_12' title='bbox 1472 333 1535 374; x_wconf 87' lang='lat' dir='ltr'><strong>Or.</strong></span> <span class='ocrx_word' id='word_1_13' title='bbox 1559 333 1688 384; x_wconf 86' lang='lat'>831.¹)</span> 
     </span>
     <span class='ocr_line' id='line_1_3' title="bbox 194 402 1690 456; baseline -0.006 -8"><span class='ocrx_word' id='word_1_14' title='bbox 194 410 303 456; x_wconf 82' lang='lat' dir='ltr'>Quae</span> <span class='ocrx_word' id='word_1_15' title='bbox 334 422 382 448; x_wconf 85' lang='lat' dir='ltr'><strong>ex</strong></span> <span class='ocrx_word' id='word_1_16' title='bbox 413 410 466 447; x_wconf 84' lang='lat' dir='ltr'><strong>eis</strong></span> <span class='ocrx_word' id='word_1_17' title='bbox 498 408 729 447; x_wconf 83' lang='lat' dir='ltr'><strong>carminibus</strong></span> <span class='ocrx_word' id='word_1_18' title='bbox 761 409 818 444; x_wconf 81' lang='lat' dir='ltr'><strong>est</strong></span> <span class='ocrx_word' id='word_1_19' title='bbox 848 404 1090 455; x_wconf 84' lang='lat' dir='ltr'><strong>astrophicis,</strong></span> <span class='ocrx_word' id='word_1_20' title='bbox 1128 406 1166 442; x_wconf 92' lang='lat' dir='ltr'><strong>in</strong></span> <span class='ocrx_word' id='word_1_21' title='bbox 1198 405 1336 453; x_wconf 86' lang='lat' dir='ltr'><strong>quibus</strong></span> <span class='ocrx_word' id='word_1_22' title='bbox 1367 404 1556 442; x_wconf 82' lang='lat' dir='ltr'><strong>similibus</strong></span> <span class='ocrx_word' id='word_1_23' title='bbox 1587 402 1690 451; x_wconf 79' lang='lat' dir='ltr'><strong>pari-</strong></span> 
     </span>
     <span class='ocr_line' id='line_1_4' title="bbox 193 472 1690 526; baseline -0.005 -10"><span class='ocrx_word' id='word_1_24' title='bbox 193 479 343 526; x_wconf 84' lang='lat' dir='ltr'><strong>busque</strong></span> <span class='ocrx_word' id='word_1_25' title='bbox 375 477 549 515; x_wconf 83' lang='lat' dir='ltr'><strong>versibus</strong></span> <span class='ocrx_word' id='word_1_26' title='bbox 591 476 770 514; x_wconf 85' lang='lat' dir='ltr'><strong>commoti</strong></span> <span class='ocrx_word' id='word_1_27' title='bbox 809 474 883 511; x_wconf 85' lang='lat' dir='ltr'><strong>viri</strong></span> <span class='ocrx_word' id='word_1_28' title='bbox 914 474 1017 512; x_wconf 87' lang='lat' dir='ltr'><strong>docti</strong></span> <span class='ocrx_word' id='word_1_29' title='bbox 1047 473 1244 522; x_wconf 78' lang='lat' dir='ltr'>stropham</span> <span class='ocrx_word' id='word_1_30' title='bbox 1274 475 1313 510; x_wconf 81' lang='lat' dir='ltr'><strong>et</strong></span> <span class='ocrx_word' id='word_1_31' title='bbox 1344 472 1491 511; x_wconf 80' lang='lat' dir='ltr'><strong>antistr.</strong></span> <span class='ocrx_word' id='word_1_32' title='bbox 1523 473 1690 509; x_wconf 80' lang='lat' dir='ltr'><strong>statuere</strong></span> 
     </span>
     <span class='ocr_line' id='line_1_5' title="bbox 195 539 1691 593; baseline -0.005 -9"><span class='ocrx_word' id='word_1_33' title='bbox 195 546 323 584; x_wconf 72' lang='lat' dir='ltr'><strong>conati</strong></span> <span class='ocrx_word' id='word_1_34' title='bbox 349 547 446 592; x_wconf 80' lang='lat' dir='ltr'><strong>sunt,</strong></span> <span class='ocrx_word' id='word_1_35' title='bbox 476 545 586 582; x_wconf 90' lang='lat' dir='ltr'><strong>nullo</strong></span> <span class='ocrx_word' id='word_1_36' title='bbox 611 543 767 593; x_wconf 89' lang='lat' dir='ltr'><strong>quidem</strong></span> <span class='ocrx_word' id='word_1_37' title='bbox 788 543 881 590; x_wconf 85' lang='lat' dir='ltr'><strong>iure,</strong></span> <span class='ocrx_word' id='word_1_38' title='bbox 914 554 999 580; x_wconf 90' lang='lat' dir='ltr'><strong>cum</strong></span> <span class='ocrx_word' id='word_1_39' title='bbox 1020 541 1060 579; x_wconf 88' lang='lat' dir='ltr'><strong>id</strong></span> <span class='ocrx_word' id='word_1_40' title='bbox 1081 542 1154 579; x_wconf 85' lang='lat' dir='ltr'><strong>nisi</strong></span> <span class='ocrx_word' id='word_1_41' title='bbox 1176 541 1396 590; x_wconf 81' lang='lat' dir='ltr'><strong>permagnis</strong></span> <span class='ocrx_word' id='word_1_42' title='bbox 1417 539 1691 577; x_wconf 78' lang='lat' dir='ltr'><strong>mutationibus</strong></span> 
     </span>
     <span class='ocr_line' id='line_1_6' title="bbox 194 609 1690 663; baseline -0.005 -10"><span class='ocrx_word' id='word_1_43' title='bbox 194 614 276 653; x_wconf 83' lang='lat' dir='ltr'><strong>fieri</strong></span> <span class='ocrx_word' id='word_1_44' title='bbox 296 626 374 652; x_wconf 92' lang='lat' dir='ltr'><strong>non</strong></span> <span class='ocrx_word' id='word_1_45' title='bbox 395 614 526 663; x_wconf 84' lang='lat' dir='ltr'><strong>possit.</strong></span> <span class='ocrx_word' id='word_1_46' title='bbox 586 613 737 650; x_wconf 85' lang='lat' dir='ltr'><strong>Tamen</strong></span> <span class='ocrx_word' id='word_1_47' title='bbox 762 623 845 650; x_wconf 87' lang='lat' dir='ltr'><strong>esse</strong></span> <span class='ocrx_word' id='word_1_48' title='bbox 868 611 1186 660; x_wconf 81' lang='lat' dir='ltr'><strong>aequabilitatem</strong></span> <span class='ocrx_word' id='word_1_49' title='bbox 1208 609 1402 658; x_wconf 84' lang='lat' dir='ltr'><strong>quandam</strong></span> <span class='ocrx_word' id='word_1_50' title='bbox 1422 611 1528 647; x_wconf 86' lang='lat' dir='ltr'><strong>recte</strong></span> <span class='ocrx_word' id='word_1_51' title='bbox 1549 619 1690 657; x_wconf 86' lang='lat' dir='ltr'><strong>cogno-</strong></span> 
     </span>
     <span class='ocr_line' id='line_1_7' title="bbox 194 678 1439 729; baseline -0.005 -8"><span class='ocrx_word' id='word_1_52' title='bbox 194 685 344 729; x_wconf 81' lang='lat' dir='ltr'><strong>verunt,</strong></span> <span class='ocrx_word' id='word_1_53' title='bbox 375 681 444 720; x_wconf 82' lang='lat' dir='ltr'><strong>sed</strong></span> <span class='ocrx_word' id='word_1_54' title='bbox 476 681 604 720; x_wconf 87' lang='lat' dir='ltr'><strong>omnia</strong></span> <span class='ocrx_word' id='word_1_55' title='bbox 634 680 726 728; x_wconf 89' lang='lat' dir='ltr'><strong>fere,</strong></span> <span class='ocrx_word' id='word_1_56' title='bbox 757 682 798 717; x_wconf 87' lang='lat' dir='ltr'><strong>ut</strong></span> <span class='ocrx_word' id='word_1_57' title='bbox 827 678 1042 727; x_wconf 85' lang='lat' dir='ltr'><strong>traduntur,</strong></span> <span class='ocrx_word' id='word_1_58' title='bbox 1072 681 1177 717; x_wconf 81' lang='lat' dir='ltr'><strong>recte</strong></span> <span class='ocrx_word' id='word_1_59' title='bbox 1208 689 1248 716; x_wconf 88' lang='lat' dir='ltr'><strong>se</strong></span> <span class='ocrx_word' id='word_1_60' title='bbox 1278 678 1439 715; x_wconf 84' lang='lat' dir='ltr'><strong>habent:</strong></span> 
     </span>
    </p>
   </div>
   <div class='ocr_carea' id='block_1_3' title="bbox 400 774 1401 1721">
    <p class='ocr_par' dir='ltr' id='par_1_3' title="bbox 400 774 1401 1721">
     <span class='ocr_line' id='line_1_8' title="bbox 603 774 1368 835; baseline -0.005 -13"><span class='ocrx_word' id='word_1_61' title='bbox 603 781 668 830; x_wconf 82' lang='grc' dir='ltr'><strong>τίς</strong></span> <span class='ocrx_word' id='word_1_62' title='bbox 700 777 830 829; x_wconf 88' lang='grc' dir='ltr'><em>νόσος</em></span> <span class='ocrx_word' id='word_1_63' title='bbox 861 774 887 835; x_wconf 77' lang='grc' dir='ltr'><em>ἢ</em></span> <span class='ocrx_word' id='word_1_64' title='bbox 918 779 1019 820; x_wconf 87' lang='grc' dir='ltr'><em>τίνα</em></span> <span class='ocrx_word' id='word_1_65' title='bbox 1051 774 1220 832; x_wconf 77' lang='grc' dir='ltr'><em>δάκρυα</em></span> <span class='ocrx_word' id='word_1_66' title='bbox 1252 777 1368 829; x_wconf 69' lang='grc' dir='ltr'><em>καὶῖ)</em></span> 
     </span>
     <span class='ocr_line' id='line_1_9' title="bbox 602 843 1276 902; baseline -0.004 -12"><span class='ocrx_word' id='word_1_67' title='bbox 602 849 669 899; x_wconf 84' lang='grc' dir='ltr'><strong>τίς</strong></span> <span class='ocrx_word' id='word_1_68' title='bbox 700 846 823 896; x_wconf 73' lang='grc' dir='ltr'><em>ἔλεος</em></span> <span class='ocrx_word' id='word_1_69' title='bbox 853 847 1016 902; x_wconf 76' lang='grc' dir='ltr'><em>μείζων</em></span> <span class='ocrx_word' id='word_1_70' title='bbox 1047 843 1160 889; x_wconf 82' lang='grc' dir='ltr'><em>κατὰ</em></span> <span class='ocrx_word' id='word_1_71' title='bbox 1191 847 1276 901; x_wconf 79' lang='grc' dir='ltr'><em>γᾶν</em></span> 
     </span>
     <span class='ocr_line' id='line_1_10' title="bbox 536 912 1401 973; baseline -0.006 -14"><span class='ocrx_word' id='word_1_72' title='bbox 536 912 562 973; x_wconf 74' lang='grc' dir='ltr'><em>ἢ</em></span> <span class='ocrx_word' id='word_1_73' title='bbox 592 914 906 972; x_wconf 85' lang='grc' dir='ltr'><em>ματροκτόνον</em></span> <span class='ocrx_word' id='word_1_74' title='bbox 937 913 1041 970; x_wconf 75' lang='grc' dir='ltr'><em>αἷμα</em></span> <span class='ocrx_word' id='word_1_75' title='bbox 1069 923 1177 969; x_wconf 81' lang='grc' dir='ltr'><em>χεῖρι</em></span> <span class='ocrx_word' id='word_1_76' title='bbox 1210 914 1401 963; x_wconf 50' lang='lat' dir='ltr'><strong>&amp;fastam</strong></span> 
     </span>
     <span class='ocr_line' id='line_1_11' title="bbox 742 980 1214 1039; baseline -0.004 -13"><span class='ocrx_word' id='word_1_77' title='bbox 742 980 841 1026; x_wconf 72' lang='grc' dir='ltr'><em>οἷον</em></span> <span class='ocrx_word' id='word_1_78' title='bbox 873 983 1005 1039; x_wconf 69' lang='grc' dir='ltr'><em>ἔργον</em></span> <span class='ocrx_word' id='word_1_79' title='bbox 1037 984 1214 1033; x_wconf 78' lang='grc' dir='ltr'><em>τελέσας</em></span> 
     </span>
     <span class='ocr_line' id='line_1_12' title="bbox 400 1050 1234 1107; baseline -0.004 -13"><span class='ocrx_word' id='word_1_80' title='bbox 400 1057 494 1096; x_wconf 84' lang='lat'>835.</span> <span class='ocrx_word' id='word_1_81' title='bbox 741 1050 1028 1107; x_wconf 76' lang='grc' dir='ltr'><em>βεβάκχευται</em></span> <span class='ocrx_word' id='word_1_82' title='bbox 1058 1052 1234 1106; x_wconf 82' lang='grc' dir='ltr'><em>μανίαις</em></span> 
     </span>
     <span class='ocr_line' id='line_1_13' title="bbox 606 1116 1228 1176; baseline -0.006 -12"><span class='ocrx_word' id='word_1_83' title='bbox 606 1121 841 1176; x_wconf 72' lang='grc' dir='ltr'><em>Εὐμενίσιν</em></span> <span class='ocrx_word' id='word_1_84' title='bbox 872 1116 1052 1176; x_wconf 77' lang='grc' dir='ltr'><em>θήραμα</em></span> <span class='ocrx_word' id='word_1_85' title='bbox 1083 1117 1228 1173; x_wconf 84' lang='grc' dir='ltr'><em>φόνου</em></span> 
     </span>
     <span class='ocr_line' id='line_1_14' title="bbox 609 1180 1285 1245; baseline -0.004 -13"><span class='ocrx_word' id='word_1_86' title='bbox 609 1187 794 1245; x_wconf 76' lang='grc' dir='ltr'><em>δρομάσι</em></span> <span class='ocrx_word' id='word_1_87' title='bbox 827 1187 1016 1230; x_wconf 61' lang='grc' dir='ltr'><em>δινεύων</em></span> <span class='ocrx_word' id='word_1_88' title='bbox 1047 1180 1285 1242; x_wconf 76' lang='grc' dir='ltr'><em>βλεφάροις</em></span> 
     </span>
     <span class='ocr_line' id='line_1_15' title="bbox 875 1253 1356 1312; baseline -0.008 -12"><span class='ocrx_word' id='word_1_89' title='bbox 875 1253 1209 1312; x_wconf 72' lang='grc' dir='ltr'><em>Ἀγαμεμνόνιος</em></span> <span class='ocrx_word' id='word_1_90' title='bbox 1239 1264 1356 1305; x_wconf 81' lang='grc' dir='ltr'><em>παῖς,</em></span> 
     </span>
     <span class='ocr_line' id='line_1_16' title="bbox 607 1317 1272 1381; baseline -0.005 -12"><span class='ocrx_word' id='word_1_91' title='bbox 607 1317 644 1368; x_wconf 74' lang='grc' dir='ltr'><em>ὦ</em></span> <span class='ocrx_word' id='word_1_92' title='bbox 672 1327 827 1381; x_wconf 85' lang='grc' dir='ltr'><em>μέλεος</em></span> <span class='ocrx_word' id='word_1_93' title='bbox 859 1360 897 1368; x_wconf 92' lang='grc'><strong>..</strong></span> <span class='ocrx_word' id='word_1_94' title='bbox 918 1361 929 1377; x_wconf 85' lang='lat'><strong>,</strong></span> <span class='ocrx_word' id='word_1_95' title='bbox 960 1322 1125 1380; x_wconf 85' lang='grc' dir='ltr'><em>ματρὸς</em></span> <span class='ocrx_word' id='word_1_96' title='bbox 1156 1319 1227 1367; x_wconf 82' lang='grc' dir='ltr'><strong>ὅτε</strong></span> <span class='ocrx_word' id='word_1_97' title='bbox 1241 1328 1272 1375; x_wconf 82' lang='lat'><strong>3)</strong></span> 
     </span>
     <span class='ocr_line' id='line_1_17' title="bbox 403 1392 1195 1451; baseline -0.001 -16"><span class='ocrx_word' id='word_1_98' title='bbox 403 1398 496 1435; x_wconf 81' lang='lat'>840.</span> <span class='ocrx_word' id='word_1_99' title='bbox 603 1392 985 1451; x_wconf 74' lang='grc' dir='ltr'><em>χρυσεοπηνήτων</em></span> <span class='ocrx_word' id='word_1_100' title='bbox 1016 1393 1195 1448; x_wconf 80' lang='grc' dir='ltr'><em>φαρέων</em></span> 
     </span>
     <span class='ocr_line' id='line_1_18' title="bbox 607 1457 1317 1518; baseline -0.004 -13"><span class='ocrx_word' id='word_1_101' title='bbox 607 1459 777 1518; x_wconf 81' lang='grc' dir='ltr'><em>μαστὸν</em></span> <span class='ocrx_word' id='word_1_102' title='bbox 808 1460 1130 1516; x_wconf 77' lang='grc' dir='ltr'><em>ὑπερτέλλοντ’</em></span> <span class='ocrx_word' id='word_1_103' title='bbox 1159 1457 1317 1503; x_wconf 71' lang='grc' dir='ltr'><em>ἐσιδών</em></span> 
     </span>
     <span class='ocr_line' id='line_1_19' title="bbox 880 1525 1275 1584; baseline -0.008 -12"><span class='ocrx_word' id='word_1_104' title='bbox 880 1525 1072 1584; x_wconf 78' lang='grc' dir='ltr'><em>σφάγιον</em></span> <span class='ocrx_word' id='word_1_105' title='bbox 1101 1526 1233 1570; x_wconf 72' lang='grc' dir='ltr'><em>ἔθετο</em></span> <span class='ocrx_word' id='word_1_106' title='bbox 1245 1532 1275 1579; x_wconf 75' lang='lat'><strong>4)</strong></span> 
     </span>
     <span class='ocr_line' id='line_1_20' title="bbox 606 1595 1265 1655; baseline -0.005 -14"><span class='ocrx_word' id='word_1_107' title='bbox 606 1599 783 1655; x_wconf 79' lang='grc' dir='ltr'><em>ματέρα,</em></span> <span class='ocrx_word' id='word_1_108' title='bbox 814 1595 1042 1653; x_wconf 74' lang='grc' dir='ltr'><em>πατρῴων</em></span> <span class='ocrx_word' id='word_1_109' title='bbox 1073 1597 1265 1640; x_wconf 81' lang='grc' dir='ltr'><em>παθέων</em></span> 
     </span>
     <span class='ocr_line' id='line_1_21' title="bbox 881 1661 1081 1721; baseline -0.005 -13"><span class='ocrx_word' id='word_1_110' title='bbox 881 1661 1081 1721; x_wconf 73' lang='grc' dir='ltr'><em>α’μοιβάν.</em></span> 
     </span>
    </p>
   </div>
   <div class='ocr_carea' id='block_1_4' title="bbox 201 1774 778 1824">
    <p class='ocr_par' dir='ltr' id='par_1_4' title="bbox 201 1774 778 1824">
     <span class='ocr_line' id='line_1_22' title="bbox 201 1774 778 1824; baseline -0.009 -9"><span class='ocrx_word' id='word_1_111' title='bbox 201 1775 436 1824; x_wconf 72' lang='lat' dir='ltr'><strong>Compositio</strong></span> <span class='ocrx_word' id='word_1_112' title='bbox 467 1774 674 1824; x_wconf 85' lang='lat' dir='ltr'><strong>perspicua</strong></span> <span class='ocrx_word' id='word_1_113' title='bbox 705 1775 778 1811; x_wconf 82' lang='lat' dir='ltr'><strong>est:</strong></span> 
     </span>
    </p>
   </div>
   <div class='ocr_carea' id='block_1_5' title="bbox 201 1937 1701 2328">
    <p class='ocr_par' dir='ltr' id='par_1_5' title="bbox 201 1937 1700 2158">
     <span class='ocr_line' id='line_1_23' title="bbox 316 1937 1700 1988; baseline -0.004 -11"><span class='ocrx_word' id='word_1_114' title='bbox 316 1944 343 1988; x_wconf 87' lang='lat'><strong>¹)</strong></span> <span class='ocrx_word' id='word_1_115' title='bbox 369 1942 481 1977; x_wconf 91' lang='lat' dir='ltr'><strong>Omne</strong></span> <span class='ocrx_word' id='word_1_116' title='bbox 506 1941 684 1977; x_wconf 84' lang='lat' dir='ltr'><strong>cant-icum</strong></span> <span class='ocrx_word' id='word_1_117' title='bbox 709 1941 739 1976; x_wconf 86' lang='lat' dir='ltr'><strong>si</strong></span> <span class='ocrx_word' id='word_1_118' title='bbox 763 1941 880 1976; x_wconf 88' lang='lat' dir='ltr'><strong>minus</strong></span> <span class='ocrx_word' id='word_1_119' title='bbox 904 1940 1012 1985; x_wconf 84' lang='lat' dir='ltr'><strong>plane</strong></span> <span class='ocrx_word' id='word_1_120' title='bbox 1037 1939 1237 1975; x_wconf 84' lang='lat' dir='ltr'><strong>solutorum</strong></span> <span class='ocrx_word' id='word_1_121' title='bbox 1268 1938 1418 1983; x_wconf 81' lang='lat' dir='ltr'><strong>ratione,</strong></span> <span class='ocrx_word' id='word_1_122' title='bbox 1451 1937 1497 1973; x_wconf 84' lang='lat' dir='ltr'><strong>ad</strong></span> <span class='ocrx_word' id='word_1_123' title='bbox 1525 1940 1624 1973; x_wconf 83' lang='lat' dir='ltr'><strong>certe</strong></span> <span class='ocrx_word' id='word_1_124' title='bbox 1649 1937 1700 1972; x_wconf 83' lang='lat' dir='ltr'><strong>ita</strong></span> 
     </span>
     <span class='ocr_line' id='line_1_24' title="bbox 202 1994 1699 2044; baseline -0.005 -9"><span class='ocrx_word' id='word_1_125' title='bbox 202 1999 442 2044; x_wconf 86' lang='lat' dir='ltr'><strong>compositum</strong></span> <span class='ocrx_word' id='word_1_126' title='bbox 473 2002 547 2044; x_wconf 83' lang='lat' dir='ltr'><strong>est,</strong></span> <span class='ocrx_word' id='word_1_127' title='bbox 582 2002 622 2033; x_wconf 82' lang='lat' dir='ltr'><strong>ut</strong></span> <span class='ocrx_word' id='word_1_128' title='bbox 656 1997 791 2033; x_wconf 86' lang='lat' dir='ltr'><strong>similes</strong></span> <span class='ocrx_word' id='word_1_129' title='bbox 823 2007 952 2032; x_wconf 84' lang='lat' dir='ltr'><strong>versus</strong></span> <span class='ocrx_word' id='word_1_130' title='bbox 984 1996 1183 2032; x_wconf 83' lang='lat' dir='ltr'><strong>continuati</strong></span> <span class='ocrx_word' id='word_1_131' title='bbox 1214 1995 1486 2040; x_wconf 81' lang='lat' dir='ltr'><strong>congruentiam</strong></span> <span class='ocrx_word' id='word_1_132' title='bbox 1519 1994 1699 2038; x_wconf 85' lang='lat' dir='ltr'><strong>quandam</strong></span> 
     </span>
     <span class='ocr_line' id='line_1_25' title="bbox 201 2051 1699 2100; baseline -0.005 -8"><span class='ocrx_word' id='word_1_133' title='bbox 201 2056 371 2092; x_wconf 81' lang='lat' dir='ltr'><strong>efficiant.</strong></span> <span class='ocrx_word' id='word_1_134' title='bbox 427 2055 520 2091; x_wconf 87' lang='lat' dir='ltr'><strong>Tres</strong></span> <span class='ocrx_word' id='word_1_135' title='bbox 554 2056 662 2100; x_wconf 87' lang='lat' dir='ltr'><strong>primi</strong></span> <span class='ocrx_word' id='word_1_136' title='bbox 697 2065 826 2090; x_wconf 83' lang='lat' dir='ltr'><strong>versus</strong></span> <span class='ocrx_word' id='word_1_137' title='bbox 861 2064 966 2099; x_wconf 88' lang='lat' dir='ltr'><strong>pares</strong></span> <span class='ocrx_word' id='word_1_138' title='bbox 1003 2056 1087 2089; x_wconf 80' lang='lat' dir='ltr'><strong>sunt</strong></span> <span class='ocrx_word' id='word_1_139' title='bbox 1123 2053 1309 2098; x_wconf 67' lang='lat' dir='ltr'><strong>gbconei,</strong></span> <span class='ocrx_word' id='word_1_140' title='bbox 1346 2055 1535 2097; x_wconf 83' lang='lat' dir='ltr'><strong>praeterea</strong></span> <span class='ocrx_word' id='word_1_141' title='bbox 1565 2051 1699 2086; x_wconf 86' lang='lat' dir='ltr'><strong>similes</strong></span> 
     </span>
     <span class='ocr_line' id='line_1_26' title="bbox 201 2114 948 2158; baseline -0.004 -9"><span class='ocrx_word' id='word_1_142' title='bbox 201 2117 302 2150; x_wconf 83' lang='lat' dir='ltr'><strong>sunt:</strong></span> <span class='ocrx_word' id='word_1_143' title='bbox 328 2116 476 2158; x_wconf 71' lang='lat'><strong>820,11.</strong></span> <span class='ocrx_word' id='word_1_144' title='bbox 506 2115 628 2157; x_wconf 79' lang='lat'><strong>12,18.</strong></span> <span class='ocrx_word' id='word_1_145' title='bbox 657 2115 708 2156; x_wconf 83' lang='lat'><strong>19,</strong></span> <span class='ocrx_word' id='word_1_146' title='bbox 735 2115 787 2147; x_wconf 82' lang='lat'><strong>20.</strong></span> <span class='ocrx_word' id='word_1_147' title='bbox 814 2115 868 2156; x_wconf 88' lang='lat'><strong>21,</strong></span> <span class='ocrx_word' id='word_1_148' title='bbox 893 2114 948 2146; x_wconf 82' lang='lat'><strong>22.</strong></span> 
     </span>
    </p>

    <p class='ocr_par' dir='ltr' id='par_1_6' title="bbox 201 2161 1701 2328">
     <span class='ocr_line' id='line_1_27' title="bbox 314 2161 1698 2215; baseline -0.004 -10"><span class='ocrx_word' id='word_1_149' title='bbox 314 2171 343 2215; x_wconf 84' lang='lat'><strong>²)</strong></span> <span class='ocrx_word' id='word_1_150' title='bbox 368 2169 514 2205; x_wconf 85' lang='lat' dir='ltr'><strong>Codicis</strong></span> <span class='ocrx_word' id='word_1_151' title='bbox 540 2169 574 2204; x_wconf 77' lang='lat' dir='ltr'><strong><em>G</em></strong></span> <span class='ocrx_word' id='word_1_152' title='bbox 600 2169 778 2214; x_wconf 81' lang='lat' dir='ltr'><strong>scriptura</strong></span> <span class='ocrx_word' id='word_1_153' title='bbox 802 2165 824 2212; x_wconf 83' lang='grc' dir='ltr'><em>ἢ</em></span> <span class='ocrx_word' id='word_1_154' title='bbox 843 2196 850 2203; x_wconf 93' lang='grc'><strong>.</strong></span> <span class='ocrx_word' id='word_1_155' title='bbox 870 2196 876 2203; x_wconf 95' lang='grc'><strong>.</strong></span> <span class='ocrx_word' id='word_1_156' title='bbox 895 2164 916 2212; x_wconf 83' lang='grc' dir='ltr'><strong><em>ἢ</em></strong></span> <span class='ocrx_word' id='word_1_157' title='bbox 942 2167 1125 2211; x_wconf 87' lang='lat' dir='ltr'><strong>allicimur,</strong></span> <span class='ocrx_word' id='word_1_158' title='bbox 1157 2170 1197 2201; x_wconf 83' lang='lat' dir='ltr'><strong>ut</strong></span> <span class='ocrx_word' id='word_1_159' title='bbox 1220 2166 1299 2201; x_wconf 85' lang='lat' dir='ltr'><strong>illas</strong></span> <span class='ocrx_word' id='word_1_160' title='bbox 1323 2165 1519 2211; x_wconf 78' lang='lat' dir='ltr'><strong>particulas</strong></span> <span class='ocrx_word' id='word_1_161' title='bbox 1544 2161 1565 2209; x_wconf 76' lang='grc' dir='ltr'><em>ἢ</em></span> <span class='ocrx_word' id='word_1_162' title='bbox 1585 2193 1592 2200; x_wconf 96' lang='grc'><em>.</em></span> <span class='ocrx_word' id='word_1_163' title='bbox 1611 2192 1618 2200; x_wconf 92' lang='grc'><strong>.</strong></span> <span class='ocrx_word' id='word_1_164' title='bbox 1635 2166 1698 2199; x_wconf 82' lang='grc' dir='ltr'><em>καὶ</em></span> 
     </span>
     <span class='ocr_line' id='line_1_28' title="bbox 202 2222 1701 2272; baseline -0.004 -9"><span class='ocrx_word' id='word_1_165' title='bbox 202 2228 321 2263; x_wconf 90' lang='lat' dir='ltr'><strong>omnia</strong></span> <span class='ocrx_word' id='word_1_166' title='bbox 343 2230 474 2272; x_wconf 84' lang='lat' dir='ltr'><strong>postea</strong></span> <span class='ocrx_word' id='word_1_167' title='bbox 497 2227 650 2262; x_wconf 74' lang='lat' dir='ltr'><strong>insertas</strong></span> <span class='ocrx_word' id='word_1_168' title='bbox 674 2229 843 2271; x_wconf 80' lang='lat' dir='ltr'><strong>putemus</strong></span> <span class='ocrx_word' id='word_1_169' title='bbox 868 2228 905 2260; x_wconf 79' lang='lat' dir='ltr'><strong>et</strong></span> <span class='ocrx_word' id='word_1_170' title='bbox 929 2225 1073 2260; x_wconf 90' lang='lat' dir='ltr'><strong>omnino</strong></span> <span class='ocrx_word' id='word_1_171' title='bbox 1099 2224 1293 2267; x_wconf 83' lang='lat' dir='ltr'><strong>deleamus,</strong></span> <span class='ocrx_word' id='word_1_172' title='bbox 1319 2233 1390 2268; x_wconf 86' lang='lat' dir='ltr'><strong>qua</strong></span> <span class='ocrx_word' id='word_1_173' title='bbox 1413 2222 1550 2258; x_wconf 79' lang='lat' dir='ltr'><strong>ratione</strong></span> <span class='ocrx_word' id='word_1_174' title='bbox 1572 2233 1701 2257; x_wconf 84' lang='lat' dir='ltr'><strong>versus</strong></span> 
     </span>
     <span class='ocr_line' id='line_1_29' title="bbox 201 2283 602 2328; baseline -0.005 -8"><span class='ocrx_word' id='word_1_175' title='bbox 201 2285 298 2320; x_wconf 88' lang='lat' dir='ltr'><strong>idem</strong></span> <span class='ocrx_word' id='word_1_176' title='bbox 323 2284 384 2320; x_wconf 80' lang='lat' dir='ltr'><strong>fiat</strong></span> <span class='ocrx_word' id='word_1_177' title='bbox 409 2284 472 2328; x_wconf 90' lang='lat' dir='ltr'><strong>qui</strong></span> <span class='ocrx_word' id='word_1_178' title='bbox 496 2283 602 2320; x_wconf 84' lang='lat' dir='ltr'><strong>alter:</strong></span> 
     </span>
    </p>
   </div>
   <div class='ocr_carea' id='block_1_6' title="bbox 740 2349 1190 2364">
    <p class='ocr_par' dir='ltr' id='par_1_7' title="bbox 740 2349 1190 2364">
     <span class='ocr_line' id='line_1_30' title="bbox 740 2349 1190 2364; baseline -0.007 1"><span class='ocrx_word' id='word_1_179' title='bbox 740 2349 1053 2364; x_wconf 52' lang='lat' dir='ltr'><strong>—xa—kalx.)</strong></span> <span class='ocrx_word' id='word_1_180' title='bbox 1088 2349 1122 2363; x_wconf 65' lang='grc' dir='ltr'><strong>υ</strong></span> <span class='ocrx_word' id='word_1_181' title='bbox 1156 2353 1190 2358; x_wconf 87' lang='lat'><strong>—-</strong></span> 
     </span>
    </p>
   </div>
   <div class='ocr_carea' id='block_1_7' title="bbox 724 2406 1210 2429">
    <p class='ocr_par' dir='ltr' id='par_1_8' title="bbox 724 2406 1210 2429">
     <span class='ocr_line' id='line_1_31' title="bbox 724 2406 1210 2429; baseline -0.004 -7"><span class='ocrx_word' id='word_1_182' title='bbox 724 2407 882 2422; x_wconf 53' lang='lat' dir='ltr'><strong>WQ—</strong></span> <span class='ocrx_word' id='word_1_183' title='bbox 917 2411 950 2415; x_wconf 82' lang='lat'><strong>·—</strong></span> <span class='ocrx_word' id='word_1_184' title='bbox 1002 2411 1035 2416; x_wconf 88' lang='lat'><strong>—-</strong></span> <span class='ocrx_word' id='word_1_185' title='bbox 1065 2406 1210 2429; x_wconf 51' lang='lat' dir='ltr'><strong>&amp;dv—7</strong></span> 
     </span>
    </p>
   </div>
   <div class='ocr_carea' id='block_1_8' title="bbox 202 2461 1700 2511">
    <p class='ocr_par' dir='ltr' id='par_1_9' title="bbox 202 2461 1700 2511">
     <span class='ocr_line' id='line_1_32' title="bbox 202 2461 1700 2511; baseline -0.005 -7"><span class='ocrx_word' id='word_1_186' title='bbox 202 2468 270 2504; x_wconf 87' lang='lat' dir='ltr'><strong>sed</strong></span> <span class='ocrx_word' id='word_1_187' title='bbox 294 2478 377 2503; x_wconf 91' lang='lat' dir='ltr'><strong>cum</strong></span> <span class='ocrx_word' id='word_1_188' title='bbox 400 2467 437 2502; x_wconf 93' lang='lat' dir='ltr'><strong>in</strong></span> <span class='ocrx_word' id='word_1_189' title='bbox 461 2478 494 2502; x_wconf 90' lang='lat' dir='ltr'><strong>v.</strong></span> <span class='ocrx_word' id='word_1_190' title='bbox 514 2470 589 2511; x_wconf 87' lang='lat'><strong>836,</strong></span> <span class='ocrx_word' id='word_1_191' title='bbox 616 2469 680 2501; x_wconf 89' lang='grc'><strong>837</strong></span> <span class='ocrx_word' id='word_1_192' title='bbox 707 2466 835 2501; x_wconf 87' lang='lat' dir='ltr'><strong>eadem</strong></span> <span class='ocrx_word' id='word_1_193' title='bbox 859 2468 974 2501; x_wconf 80' lang='lat' dir='ltr'><strong>metra</strong></span> <span class='ocrx_word' id='word_1_194' title='bbox 991 2465 1111 2500; x_wconf 89' lang='lat' dir='ltr'><strong>denuo</strong></span> <span class='ocrx_word' id='word_1_195' title='bbox 1129 2467 1264 2508; x_wconf 82' lang='lat' dir='ltr'><strong>extent,</strong></span> <span class='ocrx_word' id='word_1_196' title='bbox 1290 2466 1389 2498; x_wconf 83' lang='lat' dir='ltr'><strong>certe</strong></span> <span class='ocrx_word' id='word_1_197' title='bbox 1407 2462 1574 2498; x_wconf 88' lang='lat' dir='ltr'><strong>codicum</strong></span> <span class='ocrx_word' id='word_1_198' title='bbox 1591 2461 1700 2497; x_wconf 84' lang='lat' dir='ltr'><strong>lectio</strong></span> 
     </span>
    </p>
   </div>
   <div class='ocr_carea' id='block_1_9' title="bbox 202 2524 1702 2625">
    <p class='ocr_par' dir='ltr' id='par_1_10' title="bbox 202 2524 1702 2625">
     <span class='ocr_line' id='line_1_33' title="bbox 202 2524 480 2560; baseline -0.004 0"><span class='ocrx_word' id='word_1_199' title='bbox 202 2524 391 2560; x_wconf 84' lang='lat' dir='ltr'><strong>retinenda</strong></span> <span class='ocrx_word' id='word_1_200' title='bbox 414 2527 480 2559; x_wconf 82' lang='lat' dir='ltr'><strong>est.</strong></span> 
     </span>
     <span class='ocr_line' id='line_1_34' title="bbox 317 2577 1702 2625; baseline -0.004 -9"><span class='ocrx_word' id='word_1_201' title='bbox 317 2583 346 2625; x_wconf 82' lang='lat'><strong>³)</strong></span> <span class='ocrx_word' id='word_1_202' title='bbox 383 2581 538 2625; x_wconf 82' lang='lat' dir='ltr'><strong>Dubito,</strong></span> <span class='ocrx_word' id='word_1_203' title='bbox 585 2591 703 2616; x_wconf 87' lang='lat' dir='ltr'><strong>annon</strong></span> <span class='ocrx_word' id='word_1_204' title='bbox 741 2583 840 2615; x_wconf 85' lang='lat' dir='ltr'><strong>recte</strong></span> <span class='ocrx_word' id='word_1_205' title='bbox 880 2579 1042 2614; x_wconf 77' lang='lat' dir='ltr'><strong>tradatur</strong></span> <span class='ocrx_word' id='word_1_206' title='bbox 1081 2589 1133 2621; x_wconf 90' lang='lat' dir='ltr'><strong>v.‚</strong></span> <span class='ocrx_word' id='word_1_207' title='bbox 1178 2589 1251 2613; x_wconf 92' lang='lat' dir='ltr'><strong>non</strong></span> <span class='ocrx_word' id='word_1_208' title='bbox 1290 2577 1448 2612; x_wconf 87' lang='lat' dir='ltr'><strong>numeris</strong></span> <span class='ocrx_word' id='word_1_209' title='bbox 1499 2579 1702 2612; x_wconf 82' lang='lat' dir='ltr'><strong>commotus</strong></span> 
     </span>
    </p>
   </div>
   <div class='ocr_carea' id='block_1_10' title="bbox 204 2633 1700 2737">
    <p class='ocr_par' dir='ltr' id='par_1_11' title="bbox 204 2633 1700 2737">
     <span class='ocr_line' id='line_1_35' title="bbox 205 2633 1700 2684; baseline -0.005 -10"><span class='ocrx_word' id='word_1_210' title='bbox 205 2639 218 2684; x_wconf 92' lang='lat'>(</span> <span class='ocrx_word' id='word_1_211' title='bbox 222 2659 481 2674; x_wconf 55' lang='grc'>------</span> <span class='ocrx_word' id='word_1_212' title='bbox 493 2659 561 2673; x_wconf 54' lang='lat' dir='ltr'>W</span> <span class='ocrx_word' id='word_1_213' title='bbox 595 2637 690 2672; x_wconf 86' lang='lat' dir='ltr'><strong>idem</strong></span> <span class='ocrx_word' id='word_1_214' title='bbox 730 2647 810 2672; x_wconf 83' lang='lat' dir='ltr'><strong>esse</strong></span> <span class='ocrx_word' id='word_1_215' title='bbox 846 2639 968 2680; x_wconf 80' lang='lat' dir='ltr'><strong>potest</strong></span> <span class='ocrx_word' id='word_1_216' title='bbox 1004 2635 1065 2680; x_wconf 89' lang='lat' dir='ltr'><strong>qui</strong></span> <span class='ocrx_word' id='word_1_217' title='bbox 1099 2656 1406 2670; x_wconf 54' lang='grc'>-------</span> <span class='ocrx_word' id='word_1_218' title='bbox 1403 2635 1421 2678; x_wconf 87' lang='grc'><em>)</em></span> <span class='ocrx_word' id='word_1_219' title='bbox 1425 2662 1431 2668; x_wconf 97' lang='grc'><em>.</em></span> <span class='ocrx_word' id='word_1_220' title='bbox 1493 2633 1568 2669; x_wconf 85' lang='lat' dir='ltr'><strong>Sed</strong></span> <span class='ocrx_word' id='word_1_221' title='bbox 1603 2633 1700 2668; x_wconf 87' lang='lat' dir='ltr'><strong>hiare</strong></span> 
     </span>
     <span class='ocr_line' id='line_1_36' title="bbox 204 2688 1700 2737; baseline -0.004 -6"><span class='ocrx_word' id='word_1_222' title='bbox 204 2696 350 2731; x_wconf 86' lang='lat' dir='ltr'><strong>videtur</strong></span> <span class='ocrx_word' id='word_1_223' title='bbox 391 2695 507 2730; x_wconf 85' lang='lat' dir='ltr'><strong>oratio</strong></span> <span class='ocrx_word' id='word_1_224' title='bbox 552 2694 646 2729; x_wconf 87' lang='lat' dir='ltr'><strong>inter</strong></span> <span class='ocrx_word' id='word_1_225' title='bbox 690 2691 820 2737; x_wconf 79' lang='grc' dir='ltr'><em>μέλεος</em></span> <span class='ocrx_word' id='word_1_226' title='bbox 859 2696 897 2728; x_wconf 84' lang='lat' dir='ltr'><strong>et</strong></span> <span class='ocrx_word' id='word_1_227' title='bbox 935 2688 1087 2737; x_wconf 81' lang='grc' dir='ltr'><em>ματρός.</em></span> <span class='ocrx_word' id='word_1_228' title='bbox 1151 2691 1268 2734; x_wconf 78' lang='lat' dir='ltr'><strong>Quare</strong></span> <span class='ocrx_word' id='word_1_229' title='bbox 1313 2691 1404 2726; x_wconf 87' lang='lat' dir='ltr'><strong>haec</strong></span> <span class='ocrx_word' id='word_1_230' title='bbox 1443 2690 1556 2726; x_wconf 83' lang='lat' dir='ltr'><strong>fuisse</strong></span> <span class='ocrx_word' id='word_1_231' title='bbox 1595 2694 1700 2735; x_wconf 85' lang='lat' dir='ltr'><strong>puto:</strong></span> 
     </span>
    </p>
   </div>
   <div class='ocr_carea' id='block_1_11' title="bbox 203 2764 713 2798">
    <p class='ocr_par' dir='ltr' id='par_1_12' title="bbox 203 2764 713 2798">
     <span class='ocr_line' id='line_1_37' title="bbox 203 2764 713 2798; baseline 0.012 -14"><span class='ocrx_word' id='word_1_232' title='bbox 203 2764 713 2798; x_wconf 54' lang='grc' dir='ltr'><strong>-υυ-(ψψ)-.-υυ-</strong></span> 
     </span>
    </p>
   </div>
   <div class='ocr_carea' id='block_1_12' title="bbox 207 2818 1701 2926">
    <p class='ocr_par' dir='ltr' id='par_1_13' title="bbox 207 2818 1701 2926">
     <span class='ocr_line' id='line_1_38' title="bbox 318 2818 1701 2868; baseline -0.004 -10"><span class='ocrx_word' id='word_1_233' title='bbox 318 2825 347 2868; x_wconf 78' lang='lat'><strong>⁴)</strong></span> <span class='ocrx_word' id='word_1_234' title='bbox 373 2822 544 2858; x_wconf 83' lang='lat' dir='ltr'><strong>Editores</strong></span> <span class='ocrx_word' id='word_1_235' title='bbox 577 2822 670 2857; x_wconf 88' lang='lat' dir='ltr'><strong>falso</strong></span> <span class='ocrx_word' id='word_1_236' title='bbox 702 2833 761 2856; x_wconf 87' lang='lat' dir='ltr'><strong>vv.</strong></span> <span class='ocrx_word' id='word_1_237' title='bbox 793 2821 972 2856; x_wconf 86' lang='lat' dir='ltr'><strong>dirimunt.</strong></span> <span class='ocrx_word' id='word_1_238' title='bbox 1027 2820 1141 2856; x_wconf 82' lang='lat' dir='ltr'><strong>lambi</strong></span> <span class='ocrx_word' id='word_1_239' title='bbox 1173 2819 1256 2855; x_wconf 79' lang='lat' dir='ltr'><strong>fort.</strong></span> <span class='ocrx_word' id='word_1_240' title='bbox 1289 2830 1372 2855; x_wconf 90' lang='lat' dir='ltr'><strong>cum</strong></span> <span class='ocrx_word' id='word_1_241' title='bbox 1409 2822 1524 2855; x_wconf 84' lang='lat' dir='ltr'><strong>antec.</strong></span> <span class='ocrx_word' id='word_1_242' title='bbox 1556 2818 1701 2854; x_wconf 88' lang='lat' dir='ltr'><strong>coniun-</strong></span> 
     </span>
     <span class='ocr_line' id='line_1_39' title="bbox 207 2877 1399 2926; baseline -0.003 -11"><span class='ocrx_word' id='word_1_243' title='bbox 207 2880 329 2926; x_wconf 85' lang='lat' dir='ltr'><strong>gendi.</strong></span> <span class='ocrx_word' id='word_1_244' title='bbox 379 2880 479 2923; x_wconf 84' lang='lat' dir='ltr'><strong>Quos</strong></span> <span class='ocrx_word' id='word_1_245' title='bbox 505 2890 586 2915; x_wconf 90' lang='lat' dir='ltr'><strong>cum</strong></span> <span class='ocrx_word' id='word_1_246' title='bbox 611 2880 852 2924; x_wconf 85' lang='lat' dir='ltr'><strong>seiungerem,</strong></span> <span class='ocrx_word' id='word_1_247' title='bbox 877 2888 1046 2914; x_wconf 89' lang='lat' dir='ltr'><strong>numeros</strong></span> <span class='ocrx_word' id='word_1_248' title='bbox 1071 2877 1169 2913; x_wconf 88' lang='lat' dir='ltr'><strong>volui</strong></span> <span class='ocrx_word' id='word_1_249' title='bbox 1195 2877 1399 2913; x_wconf 80' lang='lat' dir='ltr'><strong>ostendere.</strong></span> 
     </span>
    </p>
   </div>
  </div>
 </body>
</html>
