1961 3179
158 100 273 150 [129]
1576 99 1657 138 433

161 211 288 258 Quare
319 223 465 260 versus,
498 212 563 260 qui
595 224 708 250 sensu
743 224 827 250 cum
860 213 925 259 eis,
957 213 1021 260 qui
1053 212 1156 250 circa
1186 214 1285 259 sunt,
1317 214 1398 250 arte
1430 212 1658 250 coniunctus

161 282 228 328 cst,
260 292 374 329 aegre
406 280 579 328 separari
609 283 747 329 potest.
806 280 979 328 Syllabis
1010 280 1207 329 productis
1240 283 1357 318 caret.

273 382 309 407 v.
335 369 452 406 1413.
513 368 587 414 Qui
628 369 812 407 dividitur
850 370 1005 418 syllaba
1045 370 1165 418 brevi,
1207 382 1305 418 quae
1345 370 1486 420 prioris
1525 382 1658 408 versus

160 437 274 475 finem
305 437 408 484 facit,
440 449 554 475 sensu
586 440 714 475 tamen
747 438 929 476 cohaeret
960 450 1045 476 cum
1076 439 1160 476 illo.
1219 439 1335 476 Arses
1366 450 1497 487 purae.

274 540 309 565 v.
334 528 452 565 1447.
512 529 557 565 In
598 540 673 576 quo
715 530 839 566 solute
881 530 1005 577 posito
1047 530 1188 566 senarii
1229 528 1350 567 forma
1385 529 1433 566 ob
1465 540 1548 566 eam
1578 540 1659 566 rem

160 607 250 634 usus
291 598 348 634 est
388 598 520 645 poeta,
562 596 666 644 quod
696 597 857 644 Pyladis
896 598 1017 635 verba
1048 599 1204 634 enarrat
1234 609 1385 644 servus,
1427 608 1525 645 quae
1556 598 1589 634 si
1621 597 1660 633 in

160 675 301 701 scaena
341 663 444 701 dicta
486 667 630 711 essent,
671 665 842 702 trimetro
883 676 1067 713 expressa
1108 668 1246 702 essent.
1306 664 1412 710 Quae
1452 677 1514 703 res
1554 666 1659 702 clare

159 731 331 769 indicata
362 734 419 769 est
449 733 573 780 prima
603 733 711 770 brevi
743 733 941 781 producta.
1001 734 1210 770 Praeterea
1232 733 1356 770 conici
1377 735 1503 781 potest
1526 732 1660 770 modos

159 800 214 837 ita
254 802 498 849 comparatos
539 799 674 847 fuisse,
720 804 762 837 ut
801 801 966 838 sermoni
1007 801 1152 838 similes
1194 804 1332 838 essent.
1402 801 1661 849 Praeparatur

159 871 289 906 tamen
331 869 412 906 eius
453 880 587 906 versus
629 871 788 906 metrum
830 871 868 906 et
909 869 1168 916 continuatur,
1209 871 1251 906 ut
1289 868 1371 906 fieri
1411 869 1526 916 solet,
1572 869 1660 906 aliis

162 937 337 974 versibus
369 937 554 974 iambicis.
615 936 671 974 Cf.
693 948 811 986 supra
841 949 877 985 p.
900 938 963 973 99.
1023 938 1176 984 Versus,
1208 948 1303 985 quos
1336 936 1503 974 editores
1534 938 1662 974 solent

162 1003 341 1041 dirimere
371 1004 461 1041 inde
493 1017 525 1041 a.
548 1016 583 1041 v.
606 1003 722 1051 1444,
754 1004 854 1041 nulli
875 1006 972 1050 sunt,
1004 1004 1161 1041 auribus
1182 1004 1272 1041 satis
1294 1004 1493 1041 blanditur
1520 1016 1660 1051 aequa-

160 1071 254 1108 bilis
284 1083 462 1109 versuum
494 1071 629 1119 fluxus,
661 1073 693 1109 si
725 1072 959 1120 seiungimus
980 1075 1022 1109 ut
1042 1071 1119 1109 feci
1140 1084 1266 1120 neque
1289 1084 1468 1109 versuum
1491 1074 1661 1109 monstra

161 1141 369 1179 statuimus.
432 1141 523 1178 Eius
555 1152 700 1187 versus,
733 1152 846 1188 quem
871 1139 1025 1177 Weckl.
1048 1140 1174 1177 etl'ccit
1196 1140 1313 1177 verbo
1345 1135 1485 1190 ἰύζων
1507 1141 1660 1187 inserto,

160 1209 299 1246 iterum
329 1209 412 1258 ipse
443 1209 581 1246 reddat
610 1209 816 1246 rationem:

737 1296 1071 1320 ————————

275 1391 310 1416 v.
336 1378 455 1416 1471.
514 1379 644 1416 Prima
666 1379 824 1426 syllaba
844 1390 976 1416 rursus
998 1378 1197 1427 producta.
1239 1379 1365 1416 Etiam
1386 1377 1488 1416 hunc
1509 1391 1660 1416 versum

163 1447 233 1484 etsi
263 1447 303 1484 in
335 1446 490 1495 dialogo
523 1447 625 1484 omui
656 1447 791 1484 nuntio
823 1446 939 1483 tribui
969 1449 1106 1496 potest,
1148 1449 1341 1484 cantatum
1373 1458 1455 1484 esse
1488 1450 1662 1496 apparet,

163 1526 249 1553 cum
279 1515 466 1563 ancipites
489 1516 668 1563 syllabae
689 1515 828 1552 breves
851 1515 936 1552 siut.
996 1514 1103 1560 Quae
1127 1514 1361 1552 antecedunt
1383 1517 1420 1552 et
1440 1518 1663 1563 sequuntur,

162 1583 329 1620 iambica
360 1586 457 1632 sunt,
490 1583 537 1621 cf.
559 1596 595 1632 p.
621 1584 710 1630 lOO,
750 1583 823 1620 nisi
855 1583 980 1621 denuo
1013 1583 1297 1621 Weckleinium
1338 1586 1490 1621 secutus
1521 1584 1662 1632 impru-

163 1651 299 1689 denter
330 1651 492 1698 dividas,
524 1651 592 1689 sed
623 1651 837 1689 iamborum
869 1663 1020 1689 cursum
1052 1652 1246 1690 observas.

276 1754 311 1780 v.
342 1742 459 1780 1474.
506 1741 622 1779 1475.
667 1742 786 1779 1477.
856 1742 963 1788 Quae
1005 1742 1056 1780 ad
1096 1755 1131 1780 v.
1163 1743 1380 1791 proximum
1422 1743 1525 1781 dicta
1564 1746 1662 1789 sunt,

162 1810 236 1848 hoc
266 1811 354 1848 loco
386 1811 507 1848 multo
539 1811 654 1848 etiam
685 1810 916 1848 dilucidiora
948 1813 1046 1849 sunt.
1105 1811 1248 1848 Versus
1281 1811 1443 1858 syllabis
1465 1811 1662 1859 productis

164 1880 298 1916 carent
328 1881 482 1927 praeter
512 1879 673 1927 primam
703 1891 738 1915 v.
766 1878 882 1916 1474.
942 1878 1154 1917 Antecedit
1184 1879 1393 1916 trimetrus:

162 2038 327 2075 insertus
359 2039 418 2075 est
447 2037 651 2075 trimetrus.

278 2140 314 2166 v.
337 2128 456 2166 1481.
515 2128 675 2175 Versus,
716 2128 782 2176 qui
821 2127 1066 2178 antecedunt,
1107 2127 1287 2175 equidem
1329 2128 1460 2176 legere
1500 2139 1663 2176 nequeo,

165 2196 278 2234 etiam
309 2208 391 2245 sqq.
424 2195 600 2234 difficilia
630 2199 727 2234 sunt.

278 2299 312 2326 v.
339 2287 457 2325 1489.
515 2287 654 2325 Antec.
677 2287 764 2324 dim.
787 2287 911 2334 iamb.‚
943 2299 1050 2335 sequ.
1081 2287 1249 2335 quinque
1281 2286 1431 2324 dochm.

278 2390 312 2418 v.
340 2378 456 2418 1493.
527 2378 666 2416 Antec.
694 2378 781 2417 dim.
807 2378 938 2425 iamb.,
979 2390 1083 2426 sequ.
1110 2378 1206 2415 trim.
1235 2378 1370 2414 ultimo
1411 2379 1530 2415 metro
1572 2390 1663 2415 ana-

165 2447 341 2484 clomeno
382 2448 420 2483 et
458 2447 557 2483 trim.
599 2446 862 2483 catalecticus.
930 2446 1054 2483 Metra
1094 2446 1210 2494 igitur
1249 2456 1387 2482 novem
1429 2446 1663 2493 continuata,

166 2525 265 2562 quae
297 2516 403 2552 certa
433 2514 582 2551 ratione
613 2525 691 2551 non
721 2516 884 2562 possunt
915 2513 1094 2562 disiungi,
1134 2515 1175 2550 ut
1215 2524 1346 2550 omnes
1386 2511 1468 2550 fere
1504 2514 1663 2551 ultimae

164 2581 316 2630 periodi
350 2592 495 2620 versus.

282 2671 385 2717 Quos
417 2682 550 2709 versus
580 2672 876 2720 respicientibus
906 2672 1018 2710 nobis
1050 2674 1328 2719 argumentum,
1365 2671 1467 2718 quod
1498 2672 1664 2720 positum

166 2741 226 2776 est
268 2740 308 2776 in
351 2740 500 2777 arsibus
545 2739 688 2788 ubique
733 2741 855 2789 puris,
901 2742 1019 2777 totam
1065 2751 1163 2787 rem,
1209 2739 1257 2777 de
1299 2750 1375 2787 qua
1416 2738 1664 2787 disputamus,

235 2814 396 2841 massar.
417 2814 479 2842 xv.
1418 2815 1460 2848 29
