1961 3179
186 246 272 296 [53]
1597 245 1677 281 357

593 354 644 397 τὸ
679 357 723 398 δὲ
757 356 859 397 κατ’
889 350 1003 410 ἆμαρ
1037 351 1128 411 ὅτῳ
1157 357 1307 408 βίοτος

594 417 833 478 εὐδαίμων,
864 424 1091 478 μακαρίζω

184 518 314 556 verbis
345 518 481 556 efferre
513 519 673 556 conatus
706 520 775 557 est.

891 653 982 705 §3-

298 736 378 772 Iam
411 733 459 771 ad
492 733 688 772 dochmios
728 736 980 781 transeamus,
1025 734 1128 782 quod
1169 745 1290 782 genus
1322 734 1594 772 creberrimum
1627 735 1684 771 est

184 804 224 841 in
266 802 460 851 Euripidis
508 802 651 839 fabulis
698 804 735 839 et
779 804 821 839 ut
866 802 1183 839 excitatissimum
1229 802 1394 839 maxime
1436 802 1604 839 omnium
1643 801 1684 838 in

186 871 348 910 canticis
379 871 514 908 solutis
545 869 760 907 adhibetur.

299 939 523 978 Oontortum
556 940 593 975 et
625 937 784 975 difficile
815 949 898 976 esse
931 937 1196 975 dochmiorum
1227 950 1348 986 genus
1371 940 1409 975 et
1430 936 1640 975 abhorrere
1663 950 1685 974 a

186 1007 422 1055 reliquorum
453 1008 661 1043 metrorum
693 1006 969 1054 aequabilitate
1006 1006 1280 1055 pervulgatum
1320 1008 1377 1043 est
1408 1004 1510 1054 apud
1541 1016 1685 1042 omnes.

187 1075 295 1121 Quae
327 1075 456 1124 opinio
487 1074 552 1110 vix
583 1074 707 1111 tirone
739 1073 859 1122 digna
890 1076 957 1120 est,
987 1085 1065 1111 non
1097 1073 1222 1111 dicam
1251 1073 1405 1111 homine
1427 1073 1483 1111 rei
1503 1074 1686 1120 metricae

185 1143 320 1192 perito.
379 1143 517 1190 Neque
549 1144 651 1179 enim
681 1143 806 1179 ullum
839 1141 943 1179 aliud
972 1153 1093 1190 genus
1115 1144 1321 1179 metrorum
1341 1143 1450 1178 tanta
1471 1141 1686 1189 diligentia,

186 1213 293 1249 tanto
334 1210 496 1248 consilio
539 1210 781 1258 componit-ur
823 1212 967 1258 quanto
1012 1208 1202 1254 doe-hmii3
1241 1210 1281 1246 in
1319 1209 1438 1246 nullis
1477 1208 1559 1246 fere
1600 1208 1686 1246 aliis

187 1278 419 1317 carminibus
450 1278 743 1327 responsionem
762 1268 852 1314 'tam
885 1280 1028 1315 certam
1060 1278 1287 1314 invenimus.
1346 1277 1436 1314 Non
1458 1277 1582 1314 solum
1603 1277 1687 1325 ipsa

187 1349 319 1394 metra,
360 1345 428 1384 sed
469 1357 651 1394 semper
692 1346 871 1393 syllabae
916 1348 1062 1392 acutae,
1105 1356 1222 1393 saepe
1255 1346 1371 1382 etiam
1401 1345 1480 1382 ictu
1512 1347 1688 1382 carentes

186 1414 434 1464 respondent.
494 1413 695 1451 Medorum
726 1414 1027 1450 inconstantiam
1058 1413 1311 1462 responsione
1344 1414 1525 1451 accurata
1544 1414 1686 1461 poetae

187 1482 369 1521 videntur
410 1493 693 1530 compensasse.
753 1480 876 1526 Quam
916 1492 997 1518 rem
1028 1481 1133 1518 viros
1165 1480 1299 1518 doctos
1330 1478 1477 1528 fugisse
1508 1480 1687 1529 intellegi

187 1563 266 1589 non
296 1553 424 1600 potest
453 1550 528 1586 nisi
559 1561 607 1586 ex
639 1560 697 1596 eo,
739 1548 844 1597 quod
875 1547 1139 1586 dochmiorum
1177 1560 1299 1596 genus
1330 1551 1372 1585 ut
1403 1550 1617 1586 contortum
1650 1551 1687 1585 et

187 1618 427 1657 inconditum
468 1617 704 1655 diffamatum
747 1620 814 1658 est.
875 1617 953 1655 Sed
992 1617 1090 1655 haec
1131 1616 1328 1655 hactenus.
1389 1615 1497 1661 Quae
1537 1617 1586 1653 sit
1615 1627 1688 1662 res,

189 1689 265 1725 iam
297 1699 344 1725 ex
372 1687 507 1736 primo,
539 1685 644 1735 quod
663 1686 892 1733 invenimus,
925 1686 1076 1723 cantico
1100 1684 1327 1723 dochmiaco
1360 1686 1488 1723 soluto
1521 1684 1691 1723 dilucide

189 1757 362 1805 apparet.

303 1856 438 1905 Hipp.
471 1855 564 1895 571.
623 1855 722 1892 Dico
753 1854 870 1904 Hipp.
893 1855 970 1892 571
987 1865 1069 1903 sqq.
1128 1854 1264 1892 Lectio
1305 1865 1401 1891 sana
1442 1855 1499 1891 est
1539 1855 1692 1901 praeter

189 1936 305 1963 unum
337 1925 479 1971 locum,
511 1935 546 1963 v,
570 1923 650 1960 585
663 1934 730 1971 sq,
772 1923 837 1971 qui
868 1925 1074 1972 postquam
1105 1922 1261 1962 Wilam.
1295 1933 1379 1959 eum
1420 1921 1550 1959 sanari
1580 1932 1692 1970 posse

191 1992 426 2042 desperavit,
458 2004 480 2029 a
500 1992 633 2029 Leone
665 1991 821 2039 egregie
853 1989 1080 2028 emendat-us
1112 1993 1180 2029 est.
1240 1990 1330 2027 Wil.
1363 1990 1506 2038 optime
1539 1988 1692 2026 differre

190 2061 312 2099 verba
342 2065 555 2112 γεγωνεῖν
587 2062 624 2097 et
656 2053 802 2111 λέγειν
832 2060 915 2106 (seu
936 2059 1015 2096 tale
1038 2058 1146 2106 quid)
1177 2058 1333 2104 monuit,
1365 2069 1450 2095 cum
1481 2062 1693 2109 γεγωνεῖν

191 2127 428 2178 significaret
463 2128 695 2175 „articulare
717 2128 872 2173 voces“‚
911 2126 1114 2174 „distincte
1137 2125 1307 2164 dicere“.
1367 2125 1440 2171 Qui
1462 2136 1693 2173 quamquam

191 2198 246 2235 sic
287 2199 393 2234 recte
425 2195 658 2234 emendandi
689 2195 790 2232 viam
823 2194 1022 2241 indicavit,
1062 2193 1161 2231 nihil
1191 2192 1381 2242 proficere
1412 2193 1547 2241 potuit,
1589 2192 1693 2241 quod

190 2266 377 2303 librorum
418 2265 624 2302 lectionem
667 2256 757 2303 ὅπα
799 2262 1001 2309 retinebat,
1033 2273 1132 2311 quae
1163 2262 1291 2300 allicit
1321 2260 1477 2310 quidem
1507 2261 1686 2307 animum,

192 2333 261 2372 sed
293 2334 341 2371 ob
373 2345 458 2371 eam
488 2334 612 2382 ipsam
642 2344 723 2370 rem
755 2335 796 2369 ut
827 2331 994 2369 deducta
1025 2343 1073 2369 ex
1105 2331 1223 2368 verbo
1255 2333 1380 2369 antec.
1402 2329 1599 2368 reicienda
1625 2332 1695 2368 est.

192 2403 353 2440 Rectam
393 2402 601 2440 lectionem
644 2400 857 2439 scholiasta
892 2400 1079 2437 servavit:
1122 2391 1224 2451 ὅπᾳ.
1284 2399 1344 2435 Ex
1385 2410 1461 2446 qua
1491 2409 1576 2435 cum
1607 2409 1695 2446 pro-

193 2469 420 2520 grederetur
460 2470 558 2517 Leo,
600 2481 645 2507 eo
686 2469 883 2518 pervenit,
925 2470 966 2504 ut
1006 2467 1276 2515 imperativum
1321 2465 1492 2503 abditum
1533 2476 1616 2503 esse
1657 2465 1697 2502 in

192 2538 312 2577 verbo
359 2543 593 2590 γεγωνεῖνε
646 2533 826 2589 γεγώνει
876 2538 1129 2584 cognosceret
1176 2538 1214 2572 et
1260 2534 1466 2572 scriberet:
1515 2528 1697 2586 γεγώνει

195 2604 236 2645 δ’
267 2599 373 2659 ὅπερ
425 2606 620 2653 „Sonitum
665 2604 819 2653 quidem
861 2603 994 2649 audio⁷
1042 2602 1111 2640 sed
1157 2603 1328 2640 accurati
1369 2602 1576 2650 quicquam
1620 2613 1697 2639 non

193 2674 331 2714 habeo.
400 2675 461 2711 'ru
503 2677 629 2711 autem
670 2673 824 2720 singula
865 2670 959 2708 mihi
1000 2671 1117 2717 dicas,
1160 2671 1257 2707 sicut
1299 2682 1366 2718 per
1407 2672 1537 2718 portas
1580 2669 1629 2706 ad
1659 2672 1697 2707 te

194 2743 371 2792 pervenit
405 2743 587 2780 clam01·.“
623 2764 677 2767 —
709 2741 835 2777 Etiam
867 2741 905 2776 in
937 2739 1060 2776 altero
1093 2739 1191 2784 loco,
1234 2750 1269 2774 v.
1292 2739 1383 2784 592,
1416 2738 1575 2775 offendit
1609 2737 1699 2776 Wil.

196 2810 272 2849 Sed
304 2809 401 2847 nihil
433 2809 656 2846 mutandum
695 2812 763 2846 est.
824 2807 932 2853 Quae
956 2807 1064 2844 affert
1086 2807 1153 2843 ille
1179 2806 1235 2841 vir
1257 2805 1408 2842 doctus:
1441 2805 1566 2842 dirimi
1588 2806 1698 2842 nullo

197 2879 279 2916 iure
321 2877 430 2916 chori
470 2877 589 2915 verba
630 2876 832 2914 Phaedrae
877 2875 1177 2920 exclamatione,
1223 2874 1334 2911 nullo
1382 2873 1496 2911 modo
1539 2876 1700 2922 possunt
