1961 3179
235 149 314 187 320
1636 145 1724 199 [16]

233 263 368 302 eodem
399 262 512 301 modo
544 260 771 300 conformati
799 262 942 300 lentius
973 262 1293 311 aequabiliusque
1324 262 1375 300 ad
1401 274 1512 301 aures
1534 262 1724 301 accedant

234 331 337 380 quod
376 329 581 379 Euripides
612 341 659 368 ea
689 332 828 378 aetate,
860 341 936 378 qua
965 331 1118 368 ultimas
1152 330 1280 368 docuit
1309 330 1475 379 fabulas,
1512 333 1616 369 certe
1645 341 1725 368 non

232 400 308 437 iam
338 399 471 436 voluit.

344 523 509 562 Troad.
541 523 634 562 576.
691 523 860 573 Appono
890 522 1051 573 figuram
1081 524 1223 562 cantici
1244 524 1395 572 alterni,
1427 523 1530 573 quod
1551 524 1724 573 sequitur

232 595 270 630 et
299 592 398 630 bene
430 594 675 641 comparatur
706 603 791 629 cum
823 592 947 641 epodo
981 592 1058 630 551
1074 603 1176 640 sqq.:

436 899 526 936 580.
681 908 964 939 —ss*l—*-2—

432 1309 524 1347 590.

341 1436 406 1472 El.
439 1435 531 1472 476.
591 1435 686 1474 Oum
718 1434 863 1484 epodus
894 1434 984 1472 inde
1016 1447 1038 1471 a
1068 1447 1103 1471 v.
1128 1435 1205 1471 551
1248 1446 1498 1483 permagnam
1537 1434 1720 1483 praebeat

227 1515 407 1541 versuum
438 1504 763 1551 aequabilitatem,
795 1503 870 1540 iam
902 1503 941 1539 in
963 1503 1120 1540 Electra
1146 1502 1293 1540 duobus
1315 1503 1425 1540 annis
1446 1504 1533 1551 post
1554 1501 1718 1551 epodum

226 1572 443 1609 invenimus
463 1573 620 1610 brevem
641 1573 761 1609 multo
785 1570 980 1609 difficilius
1003 1571 1270 1620 compositam:
1304 1583 1337 1609 v.
1359 1571 1439 1607 476
1452 1582 1533 1619 sqq.
1592 1571 1718 1608 Etiam

227 1640 395 1677 carmine
426 1639 528 1687 quod
560 1639 764 1686 antecedit,
797 1650 881 1676 cum
904 1651 924 1676 e
946 1639 1148 1687 glyconeis
1176 1639 1310 1676 liberis
1345 1640 1382 1675 et
1414 1638 1597 1676 contortis
1627 1649 1718 1675 con-

227 1710 317 1753 stet,
363 1707 428 1755 qui
473 1707 682 1745 abhorrent
727 1720 749 1744 a
794 1710 925 1744 vetere
971 1707 1231 1755 simplicitate,
1277 1718 1463 1744 novorum
1508 1707 1718 1754 lyricorum

229 1776 495 1813 auctoritatem
527 1776 635 1823 sequi
664 1778 818 1824 poetam
851 1775 1144 1812 demonstratur.
1203 1776 1241 1812 A
1263 1775 1466 1823 glyconeis
1492 1773 1541 1812 ad
1571 1774 1718 1812 iambos

227 1843 367 1880 transit
396 1845 512 1892 poeta
541 1842 766 1880 hexametro
797 1843 954 1880 heroico
986 1845 1023 1880 et
1053 1841 1127 1879 hoc
1157 1842 1343 1880 trimetro:

712 1931 1231 1964 v-—l—v—ltvvu—

227 2002 380 2040 Deinde
411 2004 639 2051 sequuntur:

565 2112 598 2125 x.)
628 2116 660 2118 —
689 2111 722 2125 υ
752 2117 784 2119 —
818 2103 1038 2134 {21wa-

431 2161 523 2199 480,
566 2170 870 2203 ΛψυυυυΙυ
900 2184 931 2187 —-
962 2160 1088 2210 υωῖ)

563 2238 869 2271 ΛψψυυψΙυ
898 2251 930 2254 m
961 2247 1038 2260 v·

227 2321 313 2358 Duo
344 2321 488 2358 inserta
518 2322 605 2358 sunt
635 2320 816 2369 membra,
847 2331 946 2368 quae
977 2319 1174 2367 dactylica
1199 2318 1379 2357 videntur
1399 2330 1494 2357 esse.
1553 2318 1716 2357 Metrum

229 2391 374 2426 certum
405 2391 480 2427 est:

813 2474 1163 2488 --------

342 2623 370 2666 ¹)
395 2622 497 2656 Idem
522 2633 650 2658 versus
675 2623 736 2667 qui
761 2626 837 2657 566.
884 2623 1014 2658 Incisio
1039 2623 1201 2667 impedit,
1237 2622 1428 2667 quominus
1453 2620 1582 2656 eodem
1605 2620 1714 2655 modo

227 2678 407 2713 recitetur.
456 2679 534 2714 Una
557 2679 665 2724 longa
693 2679 832 2724 syllaba
863 2680 969 2714 etiam
1001 2679 1036 2713 in
1068 2679 1174 2714 meris
1207 2678 1422 2713 choriambis
1454 2678 1547 2722 (sive
1571 2677 1715 2721 Ionicis,

228 2735 289 2779 qui
314 2736 458 2780 cognati
482 2737 579 2779 sunt)
606 2746 715 2780 saepe
739 2736 831 2771 adeo
856 2736 1077 2780 producitur,
1110 2739 1150 2769 ut
1182 2735 1272 2770 duas
1295 2738 1426 2779 aequet
1450 2734 1552 2769 tritas
1575 2734 1714 2778 longas.

342 2793 370 2837 2)
395 2792 531 2826 Herm:
556 2787 687 2827 ἔκανεν
711 2788 829 2827 ἔκανε.
