1961 3179
248 202 326 239 362
1646 211 1734 262 [58]

245 319 372 367 posita
408 320 496 356 sunt
531 318 727 358 dochmiis.
787 321 850 359 Sic
888 321 1026 359 iterum
1057 321 1231 361 Theseus
1271 325 1401 361 cantat
1440 323 1510 362 hos
1549 334 1683 363 versus
1715 337 1738 362 a

246 399 280 425 v.
303 387 401 424 882:

790 468 857 494 aa

789 523 813 561 b
835 523 901 573 b1)
933 525 1073 573 (altera
1102 526 1220 575 longa
1251 527 1337 575 sol.)

810 604 832 629 a

246 693 496 733 Antecedunt
532 696 712 742 quattuor
741 705 888 741 versus,
929 695 994 743 qui
1034 708 1057 733 a
1095 696 1255 745 reliquis
1284 698 1374 735 Eur.
1405 697 1563 735 canticis
1602 698 1738 735 mirum

245 763 285 800 in
324 762 476 800 modum
515 762 713 800 recedunt.
781 763 880 800 Tres
921 765 1008 800 sunt
1047 764 1146 802 trim.
1185 765 1298 802 iamb.
1338 766 1549 813 lyricorum
1589 766 1738 803 ratione

246 831 485 878 conformati,
517 831 581 879 qui
613 831 723 868 nullo
755 832 832 868 alio
865 832 1035 869 membro
1067 832 1347 882 disiunguntur,
1383 834 1422 871 in
1453 833 1528 871 fine
1560 833 1738 871 dochmio

245 900 510 940 terminantur.
570 899 821 948 Respondent
850 900 967 948 igitur
997 900 1071 938 hoc
1102 900 1236 938 modo:

450 1002 543 1039 877.
652 1011 890 1042 υ-υ-ί-
920 1022 952 1034 ψ
982 1021 1015 1035 ψ
1048 1027 1075 1030 -
1110 1012 1298 1044 Ιψ-ψ-

247 1231 389 1280 optime
421 1229 587 1279 quidem,
619 1241 744 1278 neque
775 1232 905 1267 tamen
937 1241 984 1267 ex
1014 1230 1154 1268 usitata
1183 1231 1342 1268 ratione.

359 1366 493 1415 Hipp.
526 1366 618 1404 362.
677 1366 782 1403 Inter
813 1366 966 1403 cantica
996 1366 1123 1403 soluta
1161 1366 1273 1403 etiam
1304 1365 1345 1404 id
1376 1365 1572 1404 eboricum
1603 1366 1740 1415 habeo,

246 1434 349 1482 quod
381 1447 403 1471 a
433 1446 467 1471 v.
491 1435 570 1470 362
602 1434 748 1482 incipit.
810 1435 864 1470 Ea
895 1433 1049 1481 quidem
1080 1446 1121 1471 re
1152 1434 1199 1471 ab
1231 1434 1320 1471 aliis
1352 1434 1489 1481 differt,
1521 1434 1624 1483 quod
1653 1439 1739 1484 post

245 1504 437 1540 trecentos
467 1513 601 1539 versus
633 1502 755 1538 altera
788 1502 959 1549 sequitur
990 1501 1159 1550 stropha,
1192 1513 1290 1549 quae
1321 1503 1441 1550 plane
1469 1502 1605 1540 eodem
1627 1503 1739 1540 modo

247 1569 486 1608 conformata
521 1572 590 1608 est.
649 1569 724 1607 Sed
767 1580 890 1615 1101110,
932 1569 996 1617 qui
1028 1568 1143 1615 audit,
1185 1572 1250 1606 aut
1289 1572 1411 1607 metra
1451 1573 1517 1607 aut
1555 1571 1740 1609 musicam

245 1648 315 1686 per
345 1637 416 1675 hos
448 1638 529 1674 300
562 1647 706 1683 versus,
736 1637 837 1674 inter
868 1648 963 1685 quos
994 1637 1108 1674 etiam
1137 1638 1217 1674 alia
1239 1638 1391 1675 cantica
1420 1640 1519 1685 sunt,
1548 1638 1618 1675 alii
1637 1638 1741 1676 modi

247 1706 381 1743 musici
422 1704 730 1752 intercedebant,
776 1705 959 1742 memoria
1003 1708 1135 1742 tenere
1177 1706 1310 1754 potuit.
1379 1704 1508 1751 Quare
1553 1705 1741 1754 siquidem

248 1785 403 1811 carmen
442 1773 695 1822 conscribere,
735 1785 813 1811 non
852 1776 974 1811 metra
1014 1784 1200 1811 consuere
1241 1774 1365 1811 voluit
1402 1776 1528 1822 poeta,
1567 1774 1741 1823 singulas

247 1841 425 1891 strophas
456 1844 497 1879 ut
527 1842 678 1879 cantica
709 1842 835 1879 soluta
865 1842 1034 1879 construi
1065 1842 1278 1890 oportebat.

363 1920 567 1970 Stropham
609 1921 810 1968 escribam‚
852 1932 936 1958 cum
977 1921 1158 1958 nonnulli
1198 1921 1443 1959 librariorum
1475 1932 1624 1959 errores
1653 1932 1739 1970 per-

249 1989 367 2027 tinaci
398 1990 524 2027 animo
556 1989 811 2030 retineantur:

861 2074 948 2127 ἄιες
979 2074 1032 2129 o'o',

860 2143 1010 2195 ἔκλυες
1041 2140 1078 2186 ὢ

591 2212 840 2268 ἀνήκουστα
872 2215 950 2263 τᾶς
980 2210 1206 2267 τυράννου
1236 2211 1403 2267 πάθηῖ)

857 2282 987 2335 μέλεα
1019 2281 1327 2335 θρευμέυαςέ)

590 2347 776 2405 ὀλοίμαν
807 2348 893 2404 ἔγω
926 2364 970 2404 γε
1002 2349 1110 2403 πρὶν
1139 2346 1221 2390 σὰν
1264 2343 1421 2391 (ἄταν)

453 2423 546 2460 365.
861 2414 1147 2468 καταυύσαι3)
1180 2418 1373 2471 φρενῶν.

366 2567 390 2609 ¹)
417 2567 586 2602 Traditur
625 2562 740 2601 ὀλοόν
776 2565 830 2600 bis
868 2565 1036 2609 positum.
1092 2563 1208 2605 Quare
1246 2562 1391 2605 dubito,
1430 2572 1472 2596 an
1509 2562 1638 2596 lacuna
1672 2565 1741 2596 sta-

250 2624 383 2658 tuenda
406 2624 462 2658 sit.

364 2680 393 2724 2)
420 2679 472 2715 Cf.
497 2680 632 2714 antistr.
682 2679 742 2713 Sin
767 2679 883 2712 minus
909 2678 959 2712 sic
985 2676 1128 2721 scripsit
1152 2678 1272 2720 poeta,
1305 2678 1401 2710 certe
1433 2685 1503 2710 non
1534 2675 1637 2710 aliter
1659 2685 1741 2719 pro-

250 2736 425 2770 nuntiavit
450 2736 579 2770 verba:
605 2731 740 2777 πάθεα,
769 2733 984 2779 θρεομένας.

364 2794 393 2837 ³)
419 2792 478 2827 Sic
503 2793 615 2827 schol.
643 2796 679 2827 ct
704 2802 793 2827 unus
818 2791 879 2826 lib.
898 2791 988 2834 Par.‚
1015 2798 1117 2834 qnos,
1144 2800 1224 2823 cum
1248 2789 1467 2833 reliquorum
1498 2788 1606 2823 codd.
1632 2788 1741 2822 lectio

251 2852 374 2894 aperte
400 2852 570 2894 corrupta
594 2849 649 2891 sit,
676 2848 780 2893 sequi
806 2847 998 2890 debemus3
1031 2845 1244 2892 praesertim
1275 2855 1353 2881 cum
1387 2844 1604 2880 scholiastae
1634 2844 1742 2880 inter-
