1961 3179
273 90 354 129 428
1644 90 1761 142 [124]

385 204 440 243 Of.
462 217 499 242 v.
522 205 602 242 918
615 216 708 254 sqq„
739 205 806 243 ubi
826 205 983 243 nuntius
1005 217 1156 255 semper
1176 206 1356 254 loquitur,
1388 205 1526 245 chorus
1548 218 1616 245 seu
1635 206 1763 255 potius

272 273 513 323 coryphaeus
544 285 679 311 versus
699 274 871 323 inquiete
891 274 1134 324 interrumpit
1154 274 1344 323 simulque
1366 275 1575 313 continuat.
1634 273 1763 320 Quare

272 341 376 390 quod
405 342 562 379 Wilam.
592 344 697 380 recte
738 343 888 391 aperuit
926 343 1049 380 nuntii
1088 342 1208 380 verba
1239 355 1261 380 a
1292 342 1409 380 choro
1450 344 1504 381 ita
1535 342 1762 390 continuari,

270 412 312 447 ut
353 410 527 447 senarius
570 408 759 447 efficiatur
800 409 902 458 (dim.
934 407 1194 461 eata1.913)‚
1235 410 1284 447 ad
1323 411 1447 459 ipsam
1488 410 1641 459 quidem
1680 422 1762 448 rem

270 477 469 515 metricam
504 478 682 527 pertinet,
722 478 763 514 in
794 480 881 516 aeta
910 480 1036 516 autem
1076 477 1211 515 fabula
1239 479 1424 516 versiculi
1453 479 1560 517 clare
1590 478 1692 516 inter
1722 489 1763 515 se

271 544 510 583 differebant.
570 545 695 582 Etiam
725 545 906 583 hocloco
927 557 1072 593 versus,
1104 557 1198 594 quos
1218 546 1390 594 loquitur
1410 546 1576 593 nuntius,
1607 545 1763 593 syllaba

269 612 458 661 producta
489 614 614 651 ornati
640 616 738 661 sunt,
769 606 821 662 (ὦ
846 608 982 653 λευκὰ
999 608 1110 668 γήρᾳ
1131 605 1323 666 σώματ’),
1355 614 1461 652 chori
1483 616 1610 651 autem
1631 615 1762 663 partes

269 681 397 729 longis
427 683 577 720 vacant.

383 819 514 859 Here.
550 819 668 859 1081.
727 819 771 856 V.
802 819 1013 866 trimetrus‚
1059 820 1125 867 qui
1163 819 1203 856 in
1242 819 1415 868 proximo
1457 820 1573 857 cantu
1612 819 1762 856 alterno

275 886 377 923 1081
412 887 616 935 invenitur⁷
658 887 765 925 casui
799 887 916 926 tribui
946 889 1072 936 potest
1112 898 1237 936 neque
1277 887 1477 936 quisquam
1519 885 1763 933 dubitaverit,

270 955 362 1003 quin
394 957 569 993 cantatus
600 955 657 995 sit.

384 1104 547 1142 Troad.
589 1104 681 1141 316.
755 1102 951 1141 Troadum
1004 1103 1130 1152 prima
1175 1102 1417 1141 Cassandrae
1461 1101 1642 1140 monodia
1685 1104 1763 1140 tam

270 1173 468 1210 salebrosa
523 1173 637 1209 etiam
692 1172 905 1209 trimetrum
959 1171 1120 1220 praebet
1168 1170 1448 1220 confragosum.
1525 1171 1763 1219 Magnopere

271 1240 481 1278 dolendum
512 1242 570 1278 est
600 1239 674 1278 hoo
703 1240 827 1288 ipsum
858 1251 1024 1287 carmen,
1056 1239 1159 1288 quod
1186 1251 1332 1277 summa
1351 1241 1490 1288 poetae
1512 1241 1594 1276 arte
1614 1238 1763 1287 tragica

271 1307 486 1346 confectum
518 1309 586 1355 est,
616 1307 787 1345 nondum
818 1310 993 1345 sanatum
1025 1318 1119 1354 esse,
1155 1306 1318 1344 fortasse
1348 1318 1555 1355 numquam
1586 1308 1763 1344 sanatum

270 1376 328 1413 iri.
387 1376 469 1413 Iam
499 1375 613 1425 primi
643 1387 787 1422 versus,
829 1386 923 1424 quos
953 1376 1156 1413 restituere
1188 1375 1316 1412 eonati
1347 1377 1435 1412 sunt
1466 1374 1644 1423 editores,
1684 1386 1762 1411 non

271 1446 358 1481 sunt
396 1443 593 1491 Euripidis
633 1446 714 1480 arte
755 1444 914 1480 metrica
959 1443 1081 1491 digni⁷
1125 1443 1352 1491 praesertim
1403 1454 1487 1480 eum
1530 1442 1606 1479 iam
1646 1453 1764 1490 supra

271 1510 478 1548 viderimus
525 1510 784 1549 dochmiorum
830 1522 952 1559 genus
996 1522 1241 1559 nequaquam
1286 1522 1370 1548 esse
1410 1513 1487 1547 tam
1525 1509 1763 1548 inconditum

272 1591 384 1627 quam
421 1581 605 1628 putarunt
643 1579 718 1616 viri
749 1579 868 1625 dooti;
909 1591 1035 1627 neque
1067 1578 1246 1628 equidem
1277 1579 1405 1617 locum
1434 1578 1577 1625 inveni,
1618 1590 1692 1626 quo
1723 1577 1763 1615 hi

270 1647 370 1683 inter
401 1658 442 1684 se
472 1646 734 1695 respondeant
763 1659 825 1684 vv.
857 1646 1088 1684 doehmiaei:

271 1909 479 1945 Praeterea
518 1908 637 1945 verba
677 1905 784 1947 εὐᾶν
823 1899 922 1947 εὕοῖ
958 1910 999 1945 ut
1039 1909 1144 1945 clare
1182 1906 1458 1956 respondentia
1497 1907 1625 1945 verbis
1661 1901 1760 1946 ἰδού

271 1971 369 2014 ἰδού
401 1988 448 2013 ex
478 1975 551 2013 hoc
583 1987 697 2013 versu
727 1975 933 2024 separandi
969 1978 1057 2013 sunt
1086 1975 1139 2012 ita
1168 1977 1210 2012 ut
1241 1986 1417 2012 versuum
1447 1986 1530 2023 sqq.
1560 1975 1761 2024 responsio

271 2043 415 2092 optima
445 2042 529 2081 fiat:

410 2141 603 2197 λαμπάσι
634 2138 734 2185 τόδ’
762 2142 896 2198 ἱερόν.
1138 2142 1196 2192 ὥς
1226 2141 1299 2185 ἐπὶ
1329 2138 1499 2197 πατρὸς
1529 2141 1638 2197 ἐμοῦ

522 2208 622 2253 ἰδοὺ
653 2208 764 2253 ἰδού.
1186 2235 1243 2240 --
1273 2210 1381 2253 εὐᾶν
1413 2205 1512 2253 εὐοῖ
1539 2236 1591 2242 —

331 2276 544 2333 μακάριος
576 2279 676 2332 (μὲν)
711 2279 738 2321 o‘
767 2279 953 2333 γαμέτας
1116 2275 1472 2333 μακαριωτάταις
1501 2276 1664 2332 τύχαις.

557 2356 590 2389 ><
625 2357 658 2389 ><
693 2357 727 2390 ><
1215 2339 1239 2388 ὁ
1268 2343 1400 2400 χορὸς
1432 2340 1564 2395 ὅσιος,

448 2414 640 2468 μακαρία
672 2408 716 2454 δ’
746 2410 833 2468 ἐγώ
1143 2409 1218 2468 ἄγε
1249 2425 1315 2465 συ,
1351 2413 1499 2465 Φοῖβέ,
1531 2427 1635 2455 νυν·

403 2484 642 2531 βασιλικοῖς
678 2482 878 2536 λέκτροις
1127 2479 1242 2523 κατὰ
1273 2475 1353 2523 σὸν
1388 2480 1435 2522 ἐν
1468 2478 1653 2533 δάφναις

338 2548 433 2589 κατ’
458 2545 605 2602 Ἄργος
636 2544 662 2590 ἁ
694 2549 948 2603 γαμουμένα
1133 2547 1384 2603 ἀνάκτορον
1415 2550 1649 2603 θυηπολῶ.

270 2651 416 2690 Eodem
447 2652 560 2690 modo
593 2653 707 2690 etiam
738 2653 883 2701 priores
913 2663 1047 2690 versus
1077 2651 1324 2701 respondisse
1354 2653 1518 2690 alterum
1550 2652 1663 2689 alteri
1689 2651 1761 2689 etsi

269 2731 493 2772 persuasum
538 2719 681 2769 habeo,
725 2722 853 2758 tamen
897 2722 1044 2758 mutare
1090 2721 1294 2770 quicquam
1340 2719 1489 2769 dubito,
1534 2731 1620 2759 eum
1659 2718 1760 2756 illud
