1961 3179
300 192 379 231 338
1700 178 1788 236 [34]

410 306 491 342 Iam
532 315 648 353 supra
689 302 769 340 dixi
809 303 923 341 etiam
963 303 1002 340 in
1033 301 1168 352 Suppl.
1190 301 1343 339 Ionicos
1374 300 1510 339 eodem
1541 300 1654 338 modo
1686 311 1787 338 com-

298 374 444 423 positos
484 383 567 410 esse
608 374 664 418 ct,
710 382 794 408 cum
839 371 892 407 ibi
937 371 1107 407 carmina
1148 370 1274 407 omnia
1319 369 1393 407 sint
1437 368 1684 418 strophica,¹)
1724 368 1791 405 vix

299 440 436 490 epodo,
477 440 523 478 de
555 451 631 488 qua
661 439 774 476 modo
806 438 1095 487 disputavimus,
1136 438 1339 486 quicquam
1371 438 1466 475 certi
1496 436 1789 474 demonstratur.

1003 586 1092 632 ga.

412 679 673 716 Transeamus
714 676 765 714 ad
803 676 843 714 id
874 679 1081 714 metrorum
1122 687 1253 724 genus,
1294 675 1396 724 quod
1435 687 1514 713 non
1544 687 1567 712 a
1596 675 1790 713 veteribus

299 747 571 797 grammaticis,
602 745 671 784 sed
701 758 724 782 a
755 745 846 782 viris
868 744 991 782 doctis
1011 744 1266 793 posteriorum
1286 746 1501 792 temporum
1522 742 1791 791 logaoedicum

297 816 521 863 vocabatur,
562 814 636 852 hac
678 816 805 851 autem
845 815 986 859 aetate,
1027 824 1103 860 qua
1133 812 1453 849 Wilamowitzius
1493 811 1682 859 multique
1722 811 1792 848 alii

298 884 464 922 nominis
495 885 532 921 et
562 883 828 920 auctoritatem
855 884 892 918 et
912 881 1178 929 antiquitatem
1199 892 1276 918 non
1297 879 1437 917 frustra
1457 880 1792 928 impugnaverunt,

297 952 336 989 in
380 952 601 989 universum
645 951 744 988 bene
787 949 993 987 Aeolicum
1034 949 1273 997 appellatur,
1319 948 1456 985 melius
1496 959 1588 985 vero
1629 947 1791 995 singulis

297 1020 463 1068 propriis
500 1018 717 1056 nominibus
759 1017 960 1064 indicatur,
1002 1028 1100 1065 quae
1142 1017 1280 1064 cuique
1320 1016 1450 1054 versui
1489 1018 1587 1054 sunt.
1646 1014 1792 1061 Quibus

297 1089 337 1124 in
377 1087 553 1125 versibus
595 1086 635 1123 id
674 1097 826 1134 semper
865 1081 1078 1123 tenendum
1119 1088 1176 1122 est
1214 1085 1338 1133 ipsum
1379 1086 1542 1121 metrum
1570 1105 1627 1110 —
1657 1083 1791 1132 quinto

299 1155 455 1204 quidem
485 1155 654 1201 saeculo,
685 1154 732 1191 de
764 1165 839 1202 quo
871 1164 946 1191 uno
979 1153 1137 1201 agimus,
1167 1174 1222 1179 —
1252 1154 1372 1190 totum
1402 1163 1566 1199 versum,
1601 1163 1680 1189 non
1712 1151 1792 1189 eius

297 1226 427 1273 partes
459 1225 524 1261 aut
559 1221 723 1272 ‚,pedes“
760 1233 855 1260 esse.
915 1221 1058 1259 Versus
1088 1221 1205 1269 igitur
1234 1222 1276 1257 ut
1306 1219 1383 1258 hic:

873 1324 991 1342 J—TJ
1004 1329 1220 1344 υυυυυ

297 1396 416 1444 plane
446 1392 548 1431 idem
580 1396 647 1439 est,
679 1392 743 1440 qui

870 1489 1220 1503 ————————

298 1577 424 1614 neque
456 1565 660 1614 quicquam
692 1563 820 1610 refert,
851 1566 975 1600 utrum
1006 1563 1209 1612 pristinam
1240 1563 1387 1611 dactyli
1416 1574 1645 1610 mensuram,
1677 1575 1791 1611 quam

416 1710 442 1753 ¹>
469 1709 524 1744 Cf.
548 1709 721 1753 imprimis
747 1707 871 1752 Suppl.
899 1711 951 1751 54,
977 1707 998 1741 i.
1025 1718 1055 1742 e.
1081 1708 1232 1742 alteram
1256 1707 1386 1752 parodi
1409 1707 1603 1752 stropham,
1629 1717 1733 1752 quae,
1761 1707 1792 1742 si

298 1766 442 1811 plenum
473 1769 624 1800 metrum
656 1765 777 1799 littera
802 1776 831 1808 a,
863 1764 1113 1799 catalecticum
1145 1764 1212 1798 litt.
1238 1764 1261 1799 b
1292 1764 1533 1809 significamus
1562 1763 1679 1809 (quod
1710 1774 1792 1799 ana-

298 1823 460 1867 paestico
486 1822 572 1866 pedi
595 1832 660 1866 par
685 1825 740 1856 est
764 1831 882 1865 neque
906 1831 994 1855 vero
1019 1821 1143 1865 idem),
1168 1820 1260 1856 hanc
1283 1820 1435 1865 praebet
1459 1820 1628 1855 formam:

503 1915 555 1947 54.
850 1919 863 1980 f
911 1914 965 1946 Ga

842 1982 856 2054 J
944 1968 967 2002 b
1147 1968 1170 2002 b

911 2027 965 2058 Ga
1115 2027 1168 2058 2a

943 2081 967 2116 b
1147 2081 1170 2115 b

503 2142 554 2173 61.
848 2118 861 2178 [
911 2142 964 2172 ea

299 2230 417 2264 Etiam
443 2229 541 2273 prior
565 2229 714 2273 stropha
738 2229 861 2263 miram
886 2228 996 2263 habet
1020 2228 1248 2272 harmoniam,
1275 2227 1321 2263 de
1346 2239 1416 2273 qua
1439 2231 1558 2264 tamen
1583 2229 1721 2273 dubito,
1747 2240 1792 2265 an

300 2287 398 2322 casui
422 2286 614 2321 tribuenda
637 2286 698 2321 sit:

502 2425 544 2456 45
909 2368 964 2399 5a
1045 2367 1063 2462 }

943 2703 966 2737 ι)
1050 2655 1065 2749 Ι,
1111 2703 1196 2747 (522)

943 2815 966 2851 b
1046 2753 1058 2843 i
