1961 3179
261 174 344 214 454
1639 171 1754 222 [150]

374 285 458 332 Qua
475 299 522 324 ex
538 287 676 334 regula
687 286 845 324 metrica
859 285 1050 323 ducuntur
1061 286 1162 323 tales
1175 296 1308 323 versus
1321 285 1447 333 qualis
1466 302 1500 316 υ
1511 302 1544 317 υ
1559 307 1589 312 -
1603 306 1635 312 -
1647 302 1681 316 υ
1692 282 1755 324 -‘?

261 356 370 391 Duae
413 355 624 392 offeruntur
654 365 805 400 causae,
845 365 1006 401 quarum
1038 354 1161 390 altera
1191 353 1287 390 haec
1319 354 1385 391 est.
1445 353 1605 391 Constat
1635 351 1754 390 doch-

259 423 420 459 miorum
450 422 588 459 breves
620 421 782 470 produci
813 432 937 470 posse.
998 419 1103 466 Quas
1131 421 1171 457 in
1192 420 1287 458 duas
1307 420 1445 458 breves
1465 421 1601 458 iterum
1623 419 1755 457 dicunt

261 489 423 527 dissolvi
452 501 564 538 posse
595 488 731 527 eodem
761 488 886 536 modo,
916 499 991 536 quo
1024 499 1103 536 eae,
1135 499 1233 537 quae
1264 500 1333 537 per
1352 500 1392 526 se
1422 487 1567 525 habent
1596 488 1754 536 longam

261 569 489 596 mensuram.
557 558 603 594 In
643 568 688 595 eo
731 557 1011 595 obliviscuntur
1049 557 1166 605 longe
1198 557 1313 593 aliam
1345 568 1428 594 esse
1457 557 1644 594 rationem
1675 557 1754 603 syl-

260 625 436 663 labarum
476 625 750 674 productarum
782 627 818 662 et
847 625 1035 673 puerilem
1065 624 1230 662 futuram
1261 623 1379 662 fuisse
1411 624 1644 662 Graecorum
1673 635 1755 661 rem

260 694 468 741 metricam,
501 694 533 731 si
565 705 695 731 omnes
726 693 864 730 breves
894 691 1179 741 produxissent,
1223 691 1431 741 productas
1462 694 1588 729 autem
1618 692 1754 729 iterum

262 762 539 800 dissolvissent.
611 760 693 806 Quo
734 762 822 798 loco
864 760 1181 801 subsistendum?
1220 782 1276 787 —
1316 759 1422 805 Quae
1459 762 1590 797 tamen
1626 759 1754 808 opinio

265 841 390 877 neque
432 829 599 876 antiquis
638 829 695 865 rei
735 827 920 865 metricae
960 827 1233 876 interpretibus
1273 838 1399 875 neque
1429 826 1489 864 his
1519 826 1756 875 temporibus

262 897 354 934 viris
386 896 507 935 doctis
538 896 735 945 probatur.

374 965 522 1010 Altera,
554 975 668 1012 quam
698 975 820 1012 nuper
852 963 967 1001 etiam
997 963 1088 1002 Wil.
1119 963 1281 1011 protulit
1311 963 1350 999 in
1372 963 1485 1001 Herc.
1516 962 1583 999 112
1603 974 1640 1011 p.
1664 961 1756 1009 265,

262 1033 390 1081 opinio
421 1031 518 1069 haec
550 1034 616 1071 est.
675 1031 843 1077 Accidit,
874 1034 915 1068 ut
947 1033 1151 1068 occurrant
1172 1030 1294 1078 nobis,
1326 1042 1410 1067 cum
1431 1041 1564 1067 versus
1586 1029 1755 1068 dochmi-

263 1112 352 1138 acos
382 1102 676 1148 perscrutamur,
716 1099 930 1136 nonnullae
961 1097 1150 1146 syllabae,
1188 1109 1287 1146 quae
1317 1109 1387 1146 per
1417 1109 1457 1135 se
1488 1099 1649 1135 metrum
1679 1109 1758 1135 non

264 1167 470 1206 conficiunt
508 1178 634 1215 neque
670 1168 754 1204 ullo
785 1165 898 1204 modo
929 1165 1109 1203 videntur
1138 1165 1320 1214 intellegi
1350 1177 1475 1214 posse.
1534 1164 1662 1210 Quare
1692 1176 1757 1202 635

264 1235 522 1273 secernendas
561 1237 697 1284 putant
737 1235 809 1272 viri
854 1234 956 1272 docti
986 1246 1008 1270 a
1037 1234 1198 1282 reliquis
1235 1235 1376 1284 metris,
1417 1244 1502 1270 cum
1531 1233 1757 1271 interiectae

265 1304 339 1341 siut
368 1306 410 1340 ut
439 1303 580 1350 integri
610 1313 745 1340 versus
776 1302 1003 1350 fragmenta.
1063 1302 1131 1339 Est
1164 1313 1210 1339 ea
1239 1301 1337 1338 ratio
1368 1303 1539 1338 veterum
1569 1301 1757 1350 interpre-

263 1374 354 1419 tum,
386 1371 450 1419 qui
480 1373 612 1417 metra,
644 1382 909 1418 quaecumque
940 1371 1037 1416 sunt,
1068 1370 1107 1406 in
1139 1371 1266 1418 partes
1295 1368 1469 1406 dividunt
1491 1371 1538 1415 et,
1568 1371 1609 1406 ut
1630 1380 1756 1406 exem-

263 1440 370 1487 plum
412 1439 580 1484 afferam,
622 1437 839 1476 dochmium
882 1437 1014 1474 dicunt
1054 1448 1137 1474 esse
1177 1437 1430 1485 compositum
1467 1447 1515 1474 ex
1546 1436 1758 1485 antispasto

264 1510 302 1544 et
341 1506 498 1554 syllaba
538 1505 763 1554 (Hephaest.
795 1518 831 1554 p.
866 1505 943 1542 185
966 1505 1056 1553 W.).
1115 1503 1238 1550 Quam
1277 1504 1466 1542 rationem
1506 1504 1621 1542 etiam
1660 1504 1758 1542 Her-

264 1586 426 1612 mannus
457 1576 610 1612 secutus
642 1576 699 1611 est
728 1575 770 1610 ut
799 1573 839 1610 in
870 1573 956 1610 aliis
987 1573 1127 1619 metris,
1163 1572 1217 1609 ita
1247 1572 1287 1608 in
1317 1571 1493 1610 versibus
1525 1571 1759 1610 dochmiacis

266 1645 303 1680 et
334 1641 384 1679 ad
416 1653 500 1679 eam
531 1653 610 1679 rem
641 1643 750 1690 putat
790 1641 984 1690 pertinere
1014 1640 1133 1678 Arist.
1155 1640 1373 1688 Prob1.IX,
1406 1641 1428 1677 6
1471 1639 1534 1688 (de
1565 1651 1640 1687 quo
1670 1640 1758 1678 1060

264 1710 339 1747 iam
372 1722 489 1759 supra
518 1722 554 1758 p.
580 1709 659 1746 134
691 1709 864 1757 egimus),
894 1709 995 1745 Plut.
1027 1708 1075 1745 de
1107 1719 1200 1746 mus.
1219 1708 1327 1749 1140
1344 1708 1384 1745 F.
1417 1707 1472 1746 Cf.
1493 1708 1616 1746 Elem.
1639 1707 1759 1746 doctr.

266 1780 372 1816 metr.
394 1790 429 1826 p.
453 1778 544 1815 285.
606 1777 713 1823 Quae
754 1777 853 1814 ratio
893 1776 1002 1815 nobis
1043 1788 1120 1814 non
1156 1778 1283 1825 potest
1313 1775 1501 1823 sufficere,
1541 1776 1607 1824 qui
1637 1777 1759 1814 metra

268 1846 545 1895 componenda,
577 1857 655 1883 non
687 1844 902 1883 dirimenda
935 1844 1181 1882 didicerimus
1212 1856 1307 1884 esse.

379 1915 528 1952 Tamen
559 1914 837 1961 distinguamus
868 1914 967 1950 inter
997 1912 1172 1960 syllabas
1203 1914 1240 1949 et
1261 1915 1383 1949 metra
1405 1913 1549 1960 (ternas
1571 1914 1609 1949 et
1628 1912 1760 1960 plures

267 1982 470 2031 syllabas).
530 1983 618 2019 Non
648 1981 784 2030 ignoro
817 1981 932 2018 etiam
962 1981 1003 2017 in
1032 1979 1106 2017 hac
1138 1979 1397 2028 disputatione
1428 1980 1550 2016 multa
1591 1979 1638 2016 ob
1675 1991 1760 2016 eam

268 2063 347 2088 rem
379 2062 462 2088 esse
494 2050 620 2096 dubia,
661 2049 765 2097 quod
795 2048 930 2086 modos
961 2049 1125 2086 musicos
1156 2048 1247 2085 libri
1276 2060 1354 2085 non
1385 2049 1599 2085 servarunt.
1657 2047 1760 2084 Fieri

268 2121 404 2167 potest,
444 2120 484 2155 ut
515 2119 638 2155 multa
678 2120 884 2155 metrorum
920 2116 1147 2165 fragmenta,
1187 2127 1284 2164 quae
1316 2128 1386 2153 nos
1415 2116 1490 2153 iam
1520 2126 1598 2152 non
1627 2126 1760 2164 possu-

268 2198 350 2223 mus
388 2185 566 2234 redigere
607 2185 657 2222 ad
688 2196 820 2222 eorum
850 2185 1048 2231 rationem,
1090 2195 1189 2231 quae
1220 2184 1305 2221 sola
1334 2184 1531 2221 nominare
1563 2185 1601 2221 et
1629 2184 1761 2231 legere

268 2254 547 2300 consuevimus,
587 2253 709 2290 modis
751 2253 902 2290 musicis
941 2253 995 2289 ita
1035 2252 1193 2299 expieta
1223 2251 1374 2298 fuerint,
1414 2253 1455 2288 ut
1484 2252 1604 2300 plena
1634 2252 1762 2288 essent

268 2324 399 2359 metra.
459 2321 535 2358 Sed
558 2332 679 2358 vanae
701 2323 790 2358 sunt
812 2319 1077 2368 cogitationes.
1137 2319 1236 2356 Nam
1258 2319 1350 2356 artis
1372 2319 1540 2356 musicae
1561 2318 1761 2356 thesauros

269 2389 421 2426 abditos
453 2389 492 2425 in
522 2392 647 2426 terrae
678 2388 890 2426 visceribus
922 2387 1090 2424 nondum
1118 2386 1386 2436 protrahimus,
1417 2386 1620 2433 nescimus,
1651 2397 1702 2423 an
1721 2385 1762 2422 in

269 2459 466 2494 aeternum
496 2456 686 2494 reconditi
718 2458 898 2493 maneant
929 2455 1145 2502 occultique
1175 2457 1217 2491 ut
1247 2465 1390 2491 arcana
1421 2454 1623 2502 obsignata
1644 2455 1761 2501 atque

270 2526 403 2562 clausa
424 2525 665 2562 saeculorum
687 2524 814 2561 anulo.
869 2524 949 2560 Nos
973 2534 1102 2560 earum
1125 2521 1238 2559 modo
1259 2533 1385 2559 rerum
1408 2521 1596 2558 rationem
1617 2519 1761 2558 habere

269 2603 481 2640 possumus,
504 2603 599 2639 quas
621 2592 842 2640 perspicere
864 2590 973 2628 nobis
995 2591 1108 2635 licet3
1141 2601 1323 2627 conemur
1344 2600 1504 2626 necesse
1527 2591 1584 2626 est
1605 2588 1762 2626 collatis

269 2660 457 2697 similibus
497 2660 593 2696 locis
635 2662 759 2697 certas
799 2659 955 2707 regulas
996 2660 1163 2695 statuere
1204 2668 1329 2705 neque
1366 2658 1487 2694 multa
1516 2658 1673 2705 restant,
1714 2654 1761 2692 de

271 2727 408 2775 quibus
452 2726 710 2775 desperemus.
771 2725 898 2771 Quare
937 2726 1008 2764 etsi
1047 2728 1124 2763 tres
1165 2725 1280 2762 etiam
1321 2724 1495 2772 syllabas
1529 2723 1762 2772 „collegium

277 2793 433 2832 136616ιι
472 2794 718 2832 concedimus
750 2796 863 2842 atque
894 2815 949 2820 ——
979 2792 1052 2830 11611
1075 2793 1167 2830 satis
1189 2793 1324 2841 saepe!
1355 2815 1410 2819 —
1439 2792 1604 2829 maiores
1629 2801 1762 2829 versus
