<?xml version="1.0" encoding="UTF-8"?>
<!DOCTYPE html PUBLIC "-//W3C//DTD XHTML 1.0 Transitional//EN"
    "http://www.w3.org/TR/xhtml1/DTD/xhtml1-transitional.dtd">
<html xmlns="http://www.w3.org/1999/xhtml" xml:lang="en" lang="en">
 <head>
  <title>
</title>
<meta http-equiv="Content-Type" content="text/html;charset=utf-8" />
  <meta name='ocr-system' content='tesseract 3.04.00' />
  <meta name='ocr-capabilities' content='ocr_page ocr_carea ocr_par ocr_line ocrx_word'/>
</head>
<body>
  <div class='ocr_page' id='page_1' title='image "./novastudiaeuripi00lohmuoft_0151.png"; bbox 0 0 1961 3179; ppageno 0'>
   <div class='ocr_carea' id='block_1_1' title="bbox 159 146 1655 202">
    <p class='ocr_par' dir='ltr' id='par_1_1' title="bbox 159 146 1655 202">
     <span class='ocr_line' id='line_1_1' title="bbox 159 146 1655 202; baseline -0.004 -13"><span class='ocrx_word' id='word_1_1' title='bbox 159 150 273 202; x_wconf 86' lang='lat'><strong>[139]</strong></span> <span class='ocrx_word' id='word_1_2' title='bbox 1575 146 1655 184; x_wconf 87' lang='lat'>443</span> 
     </span>
    </p>
   </div>
   <div class='ocr_carea' id='block_1_2' title="bbox 156 429 1660 1024">
    <p class='ocr_par' dir='ltr' id='par_1_2' title="bbox 156 429 1660 1024">
     <span class='ocr_line' id='line_1_2' title="bbox 156 429 1658 484; baseline -0.003 -13"><span class='ocrx_word' id='word_1_3' title='bbox 156 436 198 472; x_wconf 89' lang='lat' dir='ltr'>ut</span> <span class='ocrx_word' id='word_1_4' title='bbox 226 433 301 471; x_wconf 93' lang='lat' dir='ltr'>iam</span> <span class='ocrx_word' id='word_1_5' title='bbox 332 432 472 470; x_wconf 89' lang='lat' dir='ltr'>verbo:</span> <span class='ocrx_word' id='word_1_6' title='bbox 518 429 769 484; x_wconf 66' lang='lat' dir='ltr'>‚278&#39;002&#39;teg“</span> <span class='ocrx_word' id='word_1_7' title='bbox 805 432 1110 477; x_wconf 89' lang='lat' dir='ltr'>demonstratur;</span> <span class='ocrx_word' id='word_1_8' title='bbox 1146 431 1186 468; x_wconf 93' lang='lat' dir='ltr'>in</span> <span class='ocrx_word' id='word_1_9' title='bbox 1215 442 1374 468; x_wconf 89' lang='lat' dir='ltr'>numero</span> <span class='ocrx_word' id='word_1_10' title='bbox 1404 430 1550 480; x_wconf 82' lang='lat' dir='ltr'>plurali</span> <span class='ocrx_word' id='word_1_11' title='bbox 1580 441 1658 467; x_wconf 91' lang='lat' dir='ltr'>non</span> 
     </span>
     <span class='ocr_line' id='line_1_3' title="bbox 157 497 1657 550; baseline -0.003 -11"><span class='ocrx_word' id='word_1_12' title='bbox 157 501 280 550; x_wconf 87' lang='lat' dir='ltr'>magis</span> <span class='ocrx_word' id='word_1_13' title='bbox 321 499 547 538; x_wconf 86' lang='lat' dir='ltr'>offendimus</span> <span class='ocrx_word' id='word_1_14' title='bbox 589 512 703 548; x_wconf 87' lang='lat' dir='ltr'>quam</span> <span class='ocrx_word' id='word_1_15' title='bbox 733 500 773 537; x_wconf 89' lang='lat' dir='ltr'>in</span> <span class='ocrx_word' id='word_1_16' title='bbox 805 512 861 547; x_wconf 88' lang='lat' dir='ltr'>eo,</span> <span class='ocrx_word' id='word_1_17' title='bbox 905 499 1007 548; x_wconf 88' lang='lat' dir='ltr'>quod</span> <span class='ocrx_word' id='word_1_18' title='bbox 1037 501 1155 548; x_wconf 88' lang='lat' dir='ltr'>paulo</span> <span class='ocrx_word' id='word_1_19' title='bbox 1187 501 1276 536; x_wconf 85' lang='lat' dir='ltr'>ante</span> <span class='ocrx_word' id='word_1_20' title='bbox 1306 501 1408 536; x_wconf 87' lang='lat' dir='ltr'>totus</span> <span class='ocrx_word' id='word_1_21' title='bbox 1439 498 1579 536; x_wconf 91' lang='lat' dir='ltr'>chorus</span> <span class='ocrx_word' id='word_1_22' title='bbox 1610 497 1657 535; x_wconf 87' lang='lat' dir='ltr'>de</span> 
     </span>
     <span class='ocr_line' id='line_1_4' title="bbox 158 568 1657 618; baseline -0.002 -11"><span class='ocrx_word' id='word_1_23' title='bbox 158 581 197 607; x_wconf 87' lang='lat' dir='ltr'>se</span> <span class='ocrx_word' id='word_1_24' title='bbox 228 570 311 618; x_wconf 90' lang='lat' dir='ltr'>ipso</span> <span class='ocrx_word' id='word_1_25' title='bbox 344 568 532 617; x_wconf 78' lang='lat' dir='ltr'>singulari</span> <span class='ocrx_word' id='word_1_26' title='bbox 565 568 658 605; x_wconf 85' lang='lat' dir='ltr'>dicit</span> <span class='ocrx_word' id='word_1_27' title='bbox 690 580 862 607; x_wconf 86' lang='lat' dir='ltr'>numero.</span> <span class='ocrx_word' id='word_1_28' title='bbox 922 568 1070 605; x_wconf 84' lang='lat' dir='ltr'>Mutato</span> <span class='ocrx_word' id='word_1_29' title='bbox 1092 570 1218 604; x_wconf 84' lang='lat' dir='ltr'>autem</span> <span class='ocrx_word' id='word_1_30' title='bbox 1240 578 1398 604; x_wconf 87' lang='lat' dir='ltr'>numero</span> <span class='ocrx_word' id='word_1_31' title='bbox 1420 577 1553 604; x_wconf 87' lang='lat' dir='ltr'>versus</span> <span class='ocrx_word' id='word_1_32' title='bbox 1575 577 1657 614; x_wconf 86' lang='lat' dir='ltr'>sqq.</span> 
     </span>
     <span class='ocr_line' id='line_1_5' title="bbox 157 630 1658 687; baseline -0.003 -12"><span class='ocrx_word' id='word_1_33' title='bbox 157 640 289 686; x_wconf 87' lang='lat' dir='ltr'>aperte</span> <span class='ocrx_word' id='word_1_34' title='bbox 330 636 621 684; x_wconf 88' lang='lat' dir='ltr'>disiunguntur:</span> <span class='ocrx_word' id='word_1_35' title='bbox 659 634 853 687; x_wconf 76' lang='grc' dir='ltr'>πέδαιρε,</span> <span class='ocrx_word' id='word_1_36' title='bbox 892 630 982 683; x_wconf 75' lang='grc' dir='ltr'>ἔλα,</span> <span class='ocrx_word' id='word_1_37' title='bbox 1013 647 1098 687; x_wconf 84' lang='grc' dir='ltr'><em>μοι.</em></span> <span class='ocrx_word' id='word_1_38' title='bbox 1155 634 1238 680; x_wconf 89' lang='lat' dir='ltr'>Qua</span> <span class='ocrx_word' id='word_1_39' title='bbox 1268 646 1310 672; x_wconf 88' lang='lat' dir='ltr'>re</span> <span class='ocrx_word' id='word_1_40' title='bbox 1340 634 1658 671; x_wconf 84' lang='lat' dir='ltr'>Wilamowitzius</span> 
     </span>
     <span class='ocr_line' id='line_1_6' title="bbox 156 701 1659 752; baseline -0.003 -10"><span class='ocrx_word' id='word_1_41' title='bbox 156 705 254 743; x_wconf 90' lang='lat' dir='ltr'>haec</span> <span class='ocrx_word' id='word_1_42' title='bbox 286 704 447 752; x_wconf 81' lang='lat' dir='ltr'>colligit.</span> <span class='ocrx_word' id='word_1_43' title='bbox 507 703 648 741; x_wconf 88' lang='lat' dir='ltr'>lisdem</span> <span class='ocrx_word' id='word_1_44' title='bbox 679 704 852 752; x_wconf 89' lang='lat' dir='ltr'>personis</span> <span class='ocrx_word' id='word_1_45' title='bbox 882 714 1014 741; x_wconf 83' lang='lat' dir='ltr'>versus</span> <span class='ocrx_word' id='word_1_46' title='bbox 1045 702 1160 740; x_wconf 89' lang='lat' dir='ltr'>tribui</span> <span class='ocrx_word' id='word_1_47' title='bbox 1181 714 1259 740; x_wconf 92' lang='lat' dir='ltr'>non</span> <span class='ocrx_word' id='word_1_48' title='bbox 1279 713 1393 751; x_wconf 87' lang='lat' dir='ltr'>posse</span> <span class='ocrx_word' id='word_1_49' title='bbox 1415 701 1659 739; x_wconf 86' lang='lat' dir='ltr'>manifestum</span> 
     </span>
     <span class='ocr_line' id='line_1_7' title="bbox 158 769 1659 821; baseline -0.003 -10"><span class='ocrx_word' id='word_1_50' title='bbox 158 784 253 820; x_wconf 86' lang='lat' dir='ltr'>esse,</span> <span class='ocrx_word' id='word_1_51' title='bbox 296 772 371 810; x_wconf 89' lang='lat' dir='ltr'>nisi</span> <span class='ocrx_word' id='word_1_52' title='bbox 412 772 568 810; x_wconf 84' lang='lat' dir='ltr'>ultimos</span> <span class='ocrx_word' id='word_1_53' title='bbox 610 783 744 809; x_wconf 88' lang='lat' dir='ltr'>versus</span> <span class='ocrx_word' id='word_1_54' title='bbox 784 774 894 821; x_wconf 91' lang='lat' dir='ltr'>putet</span> <span class='ocrx_word' id='word_1_55' title='bbox 936 771 1125 819; x_wconf 83' lang='lat' dir='ltr'>quispiam</span> <span class='ocrx_word' id='word_1_56' title='bbox 1167 770 1291 808; x_wconf 88' lang='lat' dir='ltr'>eidem</span> <span class='ocrx_word' id='word_1_57' title='bbox 1334 769 1417 807; x_wconf 87' lang='lat' dir='ltr'>dari</span> <span class='ocrx_word' id='word_1_58' title='bbox 1454 781 1566 818; x_wconf 89' lang='lat' dir='ltr'>posse</span> <span class='ocrx_word' id='word_1_59' title='bbox 1599 770 1659 806; x_wconf 88' lang='lat' dir='ltr'>cui</span> 
     </span>
     <span class='ocr_line' id='line_1_8' title="bbox 157 837 1659 890; baseline -0.003 -12"><span class='ocrx_word' id='word_1_60' title='bbox 157 841 311 890; x_wconf 89' lang='lat' dir='ltr'>primos,</span> <span class='ocrx_word' id='word_1_61' title='bbox 342 841 364 880; x_wconf 85' lang='lat' dir='ltr'>i.</span> <span class='ocrx_word' id='word_1_62' title='bbox 388 851 419 878; x_wconf 92' lang='lat' dir='ltr'>e.</span> <span class='ocrx_word' id='word_1_63' title='bbox 442 838 665 889; x_wconf 82' lang='lat' dir='ltr'>coryphaeo</span> <span class='ocrx_word' id='word_1_64' title='bbox 698 842 735 877; x_wconf 92' lang='lat' dir='ltr'>et</span> <span class='ocrx_word' id='word_1_65' title='bbox 766 839 812 877; x_wconf 90' lang='lat' dir='ltr'>ob</span> <span class='ocrx_word' id='word_1_66' title='bbox 847 851 930 877; x_wconf 91' lang='lat' dir='ltr'>eam</span> <span class='ocrx_word' id='word_1_67' title='bbox 962 851 1043 877; x_wconf 89' lang='lat' dir='ltr'>rem</span> <span class='ocrx_word' id='word_1_68' title='bbox 1075 838 1122 876; x_wconf 87' lang='lat' dir='ltr'>de</span> <span class='ocrx_word' id='word_1_69' title='bbox 1154 837 1478 876; x_wconf 82' lang='lat' dir='ltr'>hemichoriorum</span> <span class='ocrx_word' id='word_1_70' title='bbox 1500 837 1659 874; x_wconf 84' lang='lat' dir='ltr'>ducibus</span> 
     </span>
     <span class='ocr_line' id='line_1_9' title="bbox 156 904 1659 957; baseline -0.003 -11"><span class='ocrx_word' id='word_1_71' title='bbox 156 910 350 957; x_wconf 90' lang='lat' dir='ltr'>loquatur.</span> <span class='ocrx_word' id='word_1_72' title='bbox 409 907 485 945; x_wconf 86' lang='lat' dir='ltr'>Sed</span> <span class='ocrx_word' id='word_1_73' title='bbox 530 907 688 944; x_wconf 89' lang='lat' dir='ltr'>chorum</span> <span class='ocrx_word' id='word_1_74' title='bbox 731 919 815 945; x_wconf 91' lang='lat' dir='ltr'>cum</span> <span class='ocrx_word' id='word_1_75' title='bbox 856 919 933 945; x_wconf 90' lang='lat' dir='ltr'>non</span> <span class='ocrx_word' id='word_1_76' title='bbox 976 907 1015 943; x_wconf 88' lang='lat' dir='ltr'>in</span> <span class='ocrx_word' id='word_1_77' title='bbox 1058 906 1151 943; x_wconf 87' lang='lat' dir='ltr'>duas</span> <span class='ocrx_word' id='word_1_78' title='bbox 1181 909 1312 955; x_wconf 86' lang='lat' dir='ltr'>partes</span> <span class='ocrx_word' id='word_1_79' title='bbox 1344 905 1549 951; x_wconf 77' lang='lat' dir='ltr'>dividatur,</span> <span class='ocrx_word' id='word_1_80' title='bbox 1591 904 1659 942; x_wconf 87' lang='lat' dir='ltr'>sed</span> 
     </span>
     <span class='ocr_line' id='line_1_10' title="bbox 159 973 1660 1024; baseline -0.003 -11"><span class='ocrx_word' id='word_1_81' title='bbox 159 976 334 1024; x_wconf 85' lang='lat' dir='ltr'>diffugiat</span> <span class='ocrx_word' id='word_1_82' title='bbox 374 975 449 1014; x_wconf 90' lang='lat' dir='ltr'>huc</span> <span class='ocrx_word' id='word_1_83' title='bbox 479 976 586 1022; x_wconf 90' lang='lat' dir='ltr'>illuc,</span> <span class='ocrx_word' id='word_1_84' title='bbox 628 987 707 1012; x_wconf 91' lang='lat' dir='ltr'>non</span> <span class='ocrx_word' id='word_1_85' title='bbox 738 974 882 1012; x_wconf 86' lang='lat' dir='ltr'>habere</span> <span class='ocrx_word' id='word_1_86' title='bbox 914 974 1009 1012; x_wconf 89' lang='lat' dir='ltr'>duos</span> <span class='ocrx_word' id='word_1_87' title='bbox 1043 973 1297 1023; x_wconf 77' lang='lat' dir='ltr'>coryphaeos.</span> <span class='ocrx_word' id='word_1_88' title='bbox 1358 974 1477 1010; x_wconf 90' lang='lat' dir='ltr'>Immo</span> <span class='ocrx_word' id='word_1_89' title='bbox 1509 976 1660 1022; x_wconf 78' lang='lat' dir='ltr'>pertur-</span> 
     </span>
    </p>
   </div>
   <div class='ocr_carea' id='block_1_3' title="bbox 157 1040 1661 1227">
    <p class='ocr_par' dir='ltr' id='par_1_3' title="bbox 157 1040 1661 1227">
     <span class='ocr_line' id='line_1_11' title="bbox 157 1040 1660 1092; baseline -0.003 -11"><span class='ocrx_word' id='word_1_90' title='bbox 157 1044 353 1082; x_wconf 87' lang='lat' dir='ltr'>bationem</span> <span class='ocrx_word' id='word_1_91' title='bbox 405 1043 626 1092; x_wconf 76' lang='lat' dir='ltr'>depinxisse</span> <span class='ocrx_word' id='word_1_92' title='bbox 675 1045 829 1091; x_wconf 86' lang='lat' dir='ltr'>poetam</span> <span class='ocrx_word' id='word_1_93' title='bbox 880 1042 1001 1079; x_wconf 86' lang='lat' dir='ltr'>tribus</span> <span class='ocrx_word' id='word_1_94' title='bbox 1048 1042 1240 1080; x_wconf 85' lang='lat' dir='ltr'>choreutis</span> <span class='ocrx_word' id='word_1_95' title='bbox 1284 1064 1339 1068; x_wconf 96' lang='lat'><strong>—</strong></span> <span class='ocrx_word' id='word_1_96' title='bbox 1390 1044 1490 1088; x_wconf 88' lang='lat' dir='ltr'>„tres</span> <span class='ocrx_word' id='word_1_97' title='bbox 1531 1040 1660 1077; x_wconf 86' lang='lat' dir='ltr'>facere</span> 
     </span>
     <span class='ocr_line' id='line_1_12' title="bbox 159 1108 1660 1160; baseline -0.003 -12"><span class='ocrx_word' id='word_1_98' title='bbox 159 1111 414 1160; x_wconf 85' lang='lat' dir='ltr'>collegium“;</span> <span class='ocrx_word' id='word_1_99' title='bbox 465 1111 529 1158; x_wconf 89' lang='lat' dir='ltr'>qui</span> <span class='ocrx_word' id='word_1_100' title='bbox 579 1110 650 1148; x_wconf 91' lang='lat' dir='ltr'>hos</span> <span class='ocrx_word' id='word_1_101' title='bbox 693 1122 828 1148; x_wconf 87' lang='lat' dir='ltr'>versus</span> <span class='ocrx_word' id='word_1_102' title='bbox 874 1110 1234 1159; x_wconf 72' lang='lat' dir='ltr'>„pronuntiaverint</span> <span class='ocrx_word' id='word_1_103' title='bbox 1275 1112 1340 1146; x_wconf 90' lang='lat' dir='ltr'>aut</span> <span class='ocrx_word' id='word_1_104' title='bbox 1380 1108 1660 1155; x_wconf 83' lang='lat' dir='ltr'>cantaverint“,</span> 
     </span>
     <span class='ocr_line' id='line_1_13' title="bbox 160 1175 1661 1227; baseline -0.002 -10"><span class='ocrx_word' id='word_1_105' title='bbox 160 1180 352 1217; x_wconf 85' lang='lat' dir='ltr'>neminem</span> <span class='ocrx_word' id='word_1_106' title='bbox 396 1179 526 1216; x_wconf 84' lang='lat' dir='ltr'>dicere</span> <span class='ocrx_word' id='word_1_107' title='bbox 567 1190 692 1227; x_wconf 88' lang='lat' dir='ltr'>posse.</span> <span class='ocrx_word' id='word_1_108' title='bbox 723 1200 777 1205; x_wconf 91' lang='lat'>—</span> <span class='ocrx_word' id='word_1_109' title='bbox 810 1179 852 1215; x_wconf 91' lang='lat' dir='ltr'>In</span> <span class='ocrx_word' id='word_1_110' title='bbox 894 1177 1033 1214; x_wconf 87' lang='lat' dir='ltr'>falsam</span> <span class='ocrx_word' id='word_1_111' title='bbox 1076 1178 1176 1214; x_wconf 83' lang='lat' dir='ltr'>viam</span> <span class='ocrx_word' id='word_1_112' title='bbox 1218 1177 1374 1214; x_wconf 77' lang='lat' dir='ltr'>deflexit</span> <span class='ocrx_word' id='word_1_113' title='bbox 1415 1177 1474 1213; x_wconf 89' lang='lat' dir='ltr'>vir</span> <span class='ocrx_word' id='word_1_114' title='bbox 1515 1175 1661 1214; x_wconf 75' lang='lat' dir='ltr'>doetus.</span> 
     </span>
    </p>
   </div>
   <div class='ocr_carea' id='block_1_4' title="bbox 157 1243 1662 2456">
    <p class='ocr_par' dir='ltr' id='par_1_4' title="bbox 157 1243 1662 2456">
     <span class='ocr_line' id='line_1_14' title="bbox 158 1243 1659 1294; baseline -0.003 -9"><span class='ocrx_word' id='word_1_115' title='bbox 158 1248 306 1285; x_wconf 86' lang='lat' dir='ltr'>Primos</span> <span class='ocrx_word' id='word_1_116' title='bbox 337 1258 471 1285; x_wconf 89' lang='lat' dir='ltr'>versus</span> <span class='ocrx_word' id='word_1_117' title='bbox 501 1247 653 1284; x_wconf 88' lang='lat' dir='ltr'>locutus</span> <span class='ocrx_word' id='word_1_118' title='bbox 685 1249 743 1284; x_wconf 88' lang='lat' dir='ltr'>est</span> <span class='ocrx_word' id='word_1_119' title='bbox 774 1246 1027 1294; x_wconf 73' lang='lat' dir='ltr'>coryphaeus,</span> <span class='ocrx_word' id='word_1_120' title='bbox 1068 1246 1193 1282; x_wconf 90' lang='lat' dir='ltr'>ultimi</span> <span class='ocrx_word' id='word_1_121' title='bbox 1226 1245 1369 1293; x_wconf 85' lang='lat' dir='ltr'>quippe</span> <span class='ocrx_word' id='word_1_122' title='bbox 1402 1243 1659 1291; x_wconf 85' lang='lat' dir='ltr'>dochmiaci1)</span> 
     </span>
     <span class='ocr_line' id='line_1_15' title="bbox 159 1311 1661 1364; baseline -0.003 -11"><span class='ocrx_word' id='word_1_123' title='bbox 159 1315 374 1364; x_wconf 85' lang='lat' dir='ltr'>anteposito</span> <span class='ocrx_word' id='word_1_124' title='bbox 415 1315 543 1352; x_wconf 88' lang='lat' dir='ltr'>iambo</span> <span class='ocrx_word' id='word_1_125' title='bbox 576 1314 719 1352; x_wconf 86' lang='lat' dir='ltr'>cantati</span> <span class='ocrx_word' id='word_1_126' title='bbox 750 1316 848 1351; x_wconf 80' lang='lat' dir='ltr'>sunt.</span> <span class='ocrx_word' id='word_1_127' title='bbox 910 1313 1038 1358; x_wconf 81' lang='lat' dir='ltr'>Quare</span> <span class='ocrx_word' id='word_1_128' title='bbox 1081 1324 1193 1350; x_wconf 91' lang='lat' dir='ltr'>nemo</span> <span class='ocrx_word' id='word_1_129' title='bbox 1236 1324 1301 1350; x_wconf 86' lang='lat' dir='ltr'>eos</span> <span class='ocrx_word' id='word_1_130' title='bbox 1344 1311 1467 1350; x_wconf 88' lang='lat' dir='ltr'>eidem</span> <span class='ocrx_word' id='word_1_131' title='bbox 1509 1311 1661 1348; x_wconf 88' lang='lat' dir='ltr'>tribuat.</span> 
     </span>
     <span class='ocr_line' id='line_1_16' title="bbox 158 1379 1661 1430; baseline -0.004 -9"><span class='ocrx_word' id='word_1_132' title='bbox 158 1383 284 1421; x_wconf 88' lang='lat' dir='ltr'>Etiam</span> <span class='ocrx_word' id='word_1_133' title='bbox 314 1394 459 1430; x_wconf 84' lang='lat' dir='ltr'>versus,</span> <span class='ocrx_word' id='word_1_134' title='bbox 491 1383 557 1430; x_wconf 88' lang='lat' dir='ltr'>qui</span> <span class='ocrx_word' id='word_1_135' title='bbox 588 1381 822 1420; x_wconf 88' lang='lat' dir='ltr'>antecedunt</span> <span class='ocrx_word' id='word_1_136' title='bbox 854 1382 935 1419; x_wconf 67' lang='lat'>818</span> <span class='ocrx_word' id='word_1_137' title='bbox 948 1393 1005 1430; x_wconf 87' lang='lat' dir='ltr'>sq.</span> <span class='ocrx_word' id='word_1_138' title='bbox 1029 1381 1174 1418; x_wconf 86' lang='lat' dir='ltr'>cantati</span> <span class='ocrx_word' id='word_1_139' title='bbox 1206 1383 1314 1426; x_wconf 81' lang='lat' dir='ltr'>sunt3</span> <span class='ocrx_word' id='word_1_140' title='bbox 1344 1380 1538 1417; x_wconf 84' lang='lat' dir='ltr'>trimetrus</span> <span class='ocrx_word' id='word_1_141' title='bbox 1559 1379 1661 1416; x_wconf 91' lang='lat' dir='ltr'>enim</span> 
     </span>
     <span class='ocr_line' id='line_1_17' title="bbox 157 1448 1662 1501; baseline -0.003 -12"><span class='ocrx_word' id='word_1_142' title='bbox 157 1453 312 1501; x_wconf 85' lang='lat' dir='ltr'>praeter</span> <span class='ocrx_word' id='word_1_143' title='bbox 353 1451 515 1500; x_wconf 89' lang='lat' dir='ltr'>primam</span> <span class='ocrx_word' id='word_1_144' title='bbox 558 1450 709 1487; x_wconf 85' lang='lat' dir='ltr'>nullam</span> <span class='ocrx_word' id='word_1_145' title='bbox 750 1449 868 1487; x_wconf 88' lang='lat' dir='ltr'>habet</span> <span class='ocrx_word' id='word_1_146' title='bbox 898 1449 1125 1498; x_wconf 87' lang='lat' dir='ltr'>productam</span> <span class='ocrx_word' id='word_1_147' title='bbox 1156 1448 1350 1496; x_wconf 85' lang='lat' dir='ltr'>syllabam</span> <span class='ocrx_word' id='word_1_148' title='bbox 1382 1459 1508 1496; x_wconf 87' lang='lat' dir='ltr'>neque</span> <span class='ocrx_word' id='word_1_149' title='bbox 1540 1448 1662 1485; x_wconf 88' lang='lat' dir='ltr'>verba</span> 
     </span>
     <span class='ocr_line' id='line_1_18' title="bbox 159 1515 1659 1572; baseline -0.005 -13"><span class='ocrx_word' id='word_1_150' title='bbox 159 1518 276 1572; x_wconf 75' lang='grc' dir='ltr'><em>φυγῇ</em></span> <span class='ocrx_word' id='word_1_151' title='bbox 307 1518 435 1571; x_wconf 75' lang='grc' dir='ltr'><em>φυγῇ,</em></span> <span class='ocrx_word' id='word_1_152' title='bbox 466 1519 490 1558; x_wconf 81' lang='lat' dir='ltr'>i,</span> <span class='ocrx_word' id='word_1_153' title='bbox 512 1530 544 1557; x_wconf 91' lang='lat' dir='ltr'>e.</span> <span class='ocrx_word' id='word_1_154' title='bbox 574 1530 672 1556; x_wconf 89' lang='lat' dir='ltr'>unus</span> <span class='ocrx_word' id='word_1_155' title='bbox 694 1518 854 1565; x_wconf 87' lang='lat' dir='ltr'>iambus,</span> <span class='ocrx_word' id='word_1_156' title='bbox 885 1518 923 1554; x_wconf 93' lang='lat' dir='ltr'>in</span> <span class='ocrx_word' id='word_1_157' title='bbox 956 1529 1131 1555; x_wconf 87' lang='lat' dir='ltr'>sermone</span> <span class='ocrx_word' id='word_1_158' title='bbox 1151 1517 1377 1554; x_wconf 81' lang='lat' dir='ltr'>tolerantur.</span> <span class='ocrx_word' id='word_1_159' title='bbox 1437 1515 1565 1561; x_wconf 88' lang='lat' dir='ltr'>Quare</span> <span class='ocrx_word' id='word_1_160' title='bbox 1586 1515 1659 1552; x_wconf 87' lang='lat' dir='ltr'>tria</span> 
     </span>
     <span class='ocr_line' id='line_1_19' title="bbox 158 1583 1659 1636; baseline -0.004 -11"><span class='ocrx_word' id='word_1_161' title='bbox 158 1599 338 1626; x_wconf 85' lang='lat' dir='ltr'>versuum</span> <span class='ocrx_word' id='word_1_162' title='bbox 359 1587 469 1636; x_wconf 86' lang='lat' dir='ltr'>paria</span> <span class='ocrx_word' id='word_1_163' title='bbox 491 1586 673 1635; x_wconf 89' lang='lat' dir='ltr'>coniungi</span> <span class='ocrx_word' id='word_1_164' title='bbox 693 1598 772 1623; x_wconf 94' lang='lat' dir='ltr'>non</span> <span class='ocrx_word' id='word_1_165' title='bbox 792 1589 963 1635; x_wconf 82' lang='lat' dir='ltr'>possunt,</span> <span class='ocrx_word' id='word_1_166' title='bbox 996 1588 1043 1632; x_wconf 86' lang='lat' dir='ltr'>et,</span> <span class='ocrx_word' id='word_1_167' title='bbox 1075 1595 1307 1633; x_wconf 86' lang='lat' dir='ltr'>quamquam</span> <span class='ocrx_word' id='word_1_168' title='bbox 1334 1583 1460 1621; x_wconf 86' lang='lat' dir='ltr'>allicit</span> <span class='ocrx_word' id='word_1_169' title='bbox 1481 1583 1659 1631; x_wconf 90' lang='lat' dir='ltr'>animum,</span> 
     </span>
     <span class='ocr_line' id='line_1_20' title="bbox 159 1650 1659 1705; baseline -0.005 -11"><span class='ocrx_word' id='word_1_170' title='bbox 159 1655 263 1705; x_wconf 91' lang='lat' dir='ltr'>quod</span> <span class='ocrx_word' id='word_1_171' title='bbox 294 1655 354 1693; x_wconf 87' lang='lat' dir='ltr'>vir</span> <span class='ocrx_word' id='word_1_172' title='bbox 385 1655 627 1694; x_wconf 88' lang='lat' dir='ltr'>doctissimus</span> <span class='ocrx_word' id='word_1_173' title='bbox 659 1654 837 1702; x_wconf 84' lang='lat' dir='ltr'>coniecit,</span> <span class='ocrx_word' id='word_1_174' title='bbox 878 1656 1033 1702; x_wconf 88' lang='lat' dir='ltr'>poetam</span> <span class='ocrx_word' id='word_1_175' title='bbox 1069 1653 1191 1690; x_wconf 91' lang='lat' dir='ltr'>tribus</span> <span class='ocrx_word' id='word_1_176' title='bbox 1223 1652 1416 1690; x_wconf 82' lang='lat' dir='ltr'>choreutis</span> <span class='ocrx_word' id='word_1_177' title='bbox 1448 1650 1659 1689; x_wconf 85' lang='lat' dir='ltr'>multitudi-</span> 
     </span>
     <span class='ocr_line' id='line_1_21' title="bbox 159 1720 1659 1773; baseline -0.003 -12"><span class='ocrx_word' id='word_1_178' title='bbox 159 1737 246 1762; x_wconf 89' lang='lat' dir='ltr'>nem</span> <span class='ocrx_word' id='word_1_179' title='bbox 297 1723 521 1773; x_wconf 79' lang='lat' dir='ltr'>dissipatam</span> <span class='ocrx_word' id='word_1_180' title='bbox 571 1723 741 1760; x_wconf 87' lang='lat' dir='ltr'>voluisse</span> <span class='ocrx_word' id='word_1_181' title='bbox 793 1722 1003 1771; x_wconf 84' lang='lat' dir='ltr'>depingere</span> <span class='ocrx_word' id='word_1_182' title='bbox 1055 1732 1282 1767; x_wconf 86' lang='lat' dir='ltr'>caveamus,</span> <span class='ocrx_word' id='word_1_183' title='bbox 1333 1731 1381 1758; x_wconf 90' lang='lat' dir='ltr'>ne</span> <span class='ocrx_word' id='word_1_184' title='bbox 1430 1720 1659 1757; x_wconf 87' lang='lat' dir='ltr'>inescemur.</span> 
     </span>
     <span class='ocr_line' id='line_1_22' title="bbox 159 1788 1660 1839; baseline -0.004 -9"><span class='ocrx_word' id='word_1_185' title='bbox 159 1793 277 1830; x_wconf 88' lang='lat' dir='ltr'>Primi</span> <span class='ocrx_word' id='word_1_186' title='bbox 306 1803 440 1830; x_wconf 86' lang='lat' dir='ltr'>versus</span> <span class='ocrx_word' id='word_1_187' title='bbox 471 1790 701 1839; x_wconf 84' lang='lat' dir='ltr'>seiungendi</span> <span class='ocrx_word' id='word_1_188' title='bbox 730 1793 819 1828; x_wconf 88' lang='lat' dir='ltr'>sunt</span> <span class='ocrx_word' id='word_1_189' title='bbox 848 1793 890 1827; x_wconf 88' lang='lat' dir='ltr'>ut</span> <span class='ocrx_word' id='word_1_190' title='bbox 920 1802 942 1827; x_wconf 91' lang='lat' dir='ltr'>a</span> <span class='ocrx_word' id='word_1_191' title='bbox 973 1790 1136 1836; x_wconf 87' lang='lat' dir='ltr'>cantico,</span> <span class='ocrx_word' id='word_1_192' title='bbox 1174 1788 1277 1837; x_wconf 91' lang='lat' dir='ltr'>quod</span> <span class='ocrx_word' id='word_1_193' title='bbox 1308 1788 1513 1834; x_wconf 82' lang='lat' dir='ltr'>antecedit,</span> <span class='ocrx_word' id='word_1_194' title='bbox 1553 1788 1606 1824; x_wconf 89' lang='lat' dir='ltr'>ita</span> <span class='ocrx_word' id='word_1_195' title='bbox 1637 1799 1660 1824; x_wconf 86' lang='lat' dir='ltr'>a</span> 
     </span>
     <span class='ocr_line' id='line_1_23' title="bbox 159 1856 1659 1908; baseline -0.005 -10"><span class='ocrx_word' id='word_1_196' title='bbox 159 1861 299 1908; x_wconf 90' lang='lat' dir='ltr'>verbis,</span> <span class='ocrx_word' id='word_1_197' title='bbox 336 1871 435 1908; x_wconf 87' lang='lat' dir='ltr'>quae</span> <span class='ocrx_word' id='word_1_198' title='bbox 467 1862 690 1908; x_wconf 84' lang='lat' dir='ltr'>sequuntur.</span> <span class='ocrx_word' id='word_1_199' title='bbox 751 1858 898 1904; x_wconf 82' lang='lat' dir='ltr'>Quibus</span> <span class='ocrx_word' id='word_1_200' title='bbox 930 1859 1127 1895; x_wconf 88' lang='lat' dir='ltr'>nuntiatur</span> <span class='ocrx_word' id='word_1_201' title='bbox 1158 1857 1276 1894; x_wconf 87' lang='lat' dir='ltr'>choro</span> <span class='ocrx_word' id='word_1_202' title='bbox 1308 1856 1401 1893; x_wconf 84' lang='lat' dir='ltr'>deas</span> <span class='ocrx_word' id='word_1_203' title='bbox 1433 1856 1659 1904; x_wconf 83' lang='lat' dir='ltr'>apparuisse</span> 
     </span>
     <span class='ocr_line' id='line_1_24' title="bbox 160 1923 1659 1977; baseline -0.005 -10"><span class='ocrx_word' id='word_1_204' title='bbox 160 1930 289 1967; x_wconf 89' lang='lat' dir='ltr'>verbis</span> <span class='ocrx_word' id='word_1_205' title='bbox 326 1928 480 1977; x_wconf 89' lang='lat' dir='ltr'>quidem</span> <span class='ocrx_word' id='word_1_206' title='bbox 512 1928 698 1974; x_wconf 76' lang='lat' dir='ltr'>excitatis,</span> <span class='ocrx_word' id='word_1_207' title='bbox 739 1929 779 1964; x_wconf 88' lang='lat' dir='ltr'>ut</span> <span class='ocrx_word' id='word_1_208' title='bbox 809 1938 851 1964; x_wconf 89' lang='lat' dir='ltr'>re</span> <span class='ocrx_word' id='word_1_209' title='bbox 882 1927 1085 1975; x_wconf 85' lang='lat' dir='ltr'>flagitatur,</span> <span class='ocrx_word' id='word_1_210' title='bbox 1125 1928 1253 1962; x_wconf 83' lang='lat' dir='ltr'>tamen</span> <span class='ocrx_word' id='word_1_211' title='bbox 1290 1925 1403 1962; x_wconf 89' lang='lat' dir='ltr'>nullo</span> <span class='ocrx_word' id='word_1_212' title='bbox 1436 1925 1513 1961; x_wconf 85' lang='lat' dir='ltr'>alio</span> <span class='ocrx_word' id='word_1_213' title='bbox 1545 1923 1659 1961; x_wconf 90' lang='lat' dir='ltr'>modo</span> 
     </span>
     <span class='ocr_line' id='line_1_25' title="bbox 160 1991 1660 2046; baseline -0.004 -11"><span class='ocrx_word' id='word_1_214' title='bbox 160 2009 276 2046; x_wconf 87' lang='lat' dir='ltr'>quam</span> <span class='ocrx_word' id='word_1_215' title='bbox 306 2009 382 2046; x_wconf 94' lang='lat' dir='ltr'>quo</span> <span class='ocrx_word' id='word_1_216' title='bbox 404 2008 557 2045; x_wconf 86' lang='lat' dir='ltr'>semper</span> <span class='ocrx_word' id='word_1_217' title='bbox 579 1994 823 2044; x_wconf 76' lang='lat' dir='ltr'>coryphaeus</span> <span class='ocrx_word' id='word_1_218' title='bbox 851 2007 990 2032; x_wconf 88' lang='lat' dir='ltr'>novam</span> <span class='ocrx_word' id='word_1_219' title='bbox 1013 2005 1217 2042; x_wconf 83' lang='lat' dir='ltr'>personam</span> <span class='ocrx_word' id='word_1_220' title='bbox 1238 1994 1276 2030; x_wconf 88' lang='lat' dir='ltr'>in</span> <span class='ocrx_word' id='word_1_221' title='bbox 1298 2004 1477 2030; x_wconf 88' lang='lat' dir='ltr'>scaenam</span> <span class='ocrx_word' id='word_1_222' title='bbox 1503 1991 1660 2040; x_wconf 89' lang='lat' dir='ltr'>prodire</span> 
     </span>
     <span class='ocr_line' id='line_1_26' title="bbox 160 2061 1659 2112; baseline -0.005 -8"><span class='ocrx_word' id='word_1_223' title='bbox 160 2066 277 2104; x_wconf 89' lang='lat' dir='ltr'>choro</span> <span class='ocrx_word' id='word_1_224' title='bbox 321 2068 359 2103; x_wconf 90' lang='lat' dir='ltr'>et</span> <span class='ocrx_word' id='word_1_225' title='bbox 397 2065 462 2112; x_wconf 86' lang='lat' dir='ltr'>eis,</span> <span class='ocrx_word' id='word_1_226' title='bbox 495 2064 561 2112; x_wconf 92' lang='lat' dir='ltr'>qui</span> <span class='ocrx_word' id='word_1_227' title='bbox 597 2063 768 2110; x_wconf 88' lang='lat' dir='ltr'>audiunt,</span> <span class='ocrx_word' id='word_1_228' title='bbox 801 2063 900 2101; x_wconf 87' lang='lat' dir='ltr'>solet</span> <span class='ocrx_word' id='word_1_229' title='bbox 930 2063 1119 2101; x_wconf 84' lang='lat' dir='ltr'>nuntiare.</span> <span class='ocrx_word' id='word_1_230' title='bbox 1179 2062 1266 2099; x_wconf 93' lang='lat' dir='ltr'>Duo</span> <span class='ocrx_word' id='word_1_231' title='bbox 1297 2061 1449 2098; x_wconf 87' lang='lat' dir='ltr'>demum</span> <span class='ocrx_word' id='word_1_232' title='bbox 1480 2071 1659 2097; x_wconf 86' lang='lat' dir='ltr'>versuum</span> 
     </span>
     <span class='ocr_line' id='line_1_27' title="bbox 159 2128 1659 2183; baseline -0.005 -12"><span class='ocrx_word' id='word_1_233' title='bbox 159 2135 278 2183; x_wconf 81' lang='lat' dir='ltr'>paria,</span> <span class='ocrx_word' id='word_1_234' title='bbox 310 2145 410 2183; x_wconf 90' lang='lat' dir='ltr'>quae</span> <span class='ocrx_word' id='word_1_235' title='bbox 452 2135 674 2181; x_wconf 88' lang='lat' dir='ltr'>sequuntur,</span> <span class='ocrx_word' id='word_1_236' title='bbox 713 2131 820 2169; x_wconf 88' lang='lat' dir='ltr'>chori</span> <span class='ocrx_word' id='word_1_237' title='bbox 851 2131 1017 2168; x_wconf 89' lang='lat' dir='ltr'>animum</span> <span class='ocrx_word' id='word_1_238' title='bbox 1040 2130 1255 2179; x_wconf 87' lang='lat' dir='ltr'>depingunt</span> <span class='ocrx_word' id='word_1_239' title='bbox 1276 2128 1551 2177; x_wconf 89' lang='lat' dir='ltr'>perturbatum,</span> <span class='ocrx_word' id='word_1_240' title='bbox 1581 2139 1659 2165; x_wconf 93' lang='lat' dir='ltr'>non</span> 
     </span>
     <span class='ocr_line' id='line_1_28' title="bbox 160 2196 1660 2249; baseline -0.005 -9"><span class='ocrx_word' id='word_1_241' title='bbox 160 2214 320 2240; x_wconf 88' lang='lat' dir='ltr'>numero</span> <span class='ocrx_word' id='word_1_242' title='bbox 358 2213 499 2249; x_wconf 88' lang='lat' dir='ltr'>eorum,</span> <span class='ocrx_word' id='word_1_243' title='bbox 546 2202 611 2249; x_wconf 89' lang='lat' dir='ltr'>qui</span> <span class='ocrx_word' id='word_1_244' title='bbox 652 2201 875 2248; x_wconf 88' lang='lat' dir='ltr'>loquuntur,</span> <span class='ocrx_word' id='word_1_245' title='bbox 916 2198 984 2236; x_wconf 90' lang='lat' dir='ltr'>sed</span> <span class='ocrx_word' id='word_1_246' title='bbox 1023 2199 1133 2236; x_wconf 84' lang='lat' dir='ltr'>metri</span> <span class='ocrx_word' id='word_1_247' title='bbox 1163 2197 1475 2235; x_wconf 83' lang='lat' dir='ltr'>inconcinnitate.</span> <span class='ocrx_word' id='word_1_248' title='bbox 1535 2196 1660 2244; x_wconf 77' lang='lat' dir='ltr'>Supra</span> 
     </span>
     <span class='ocr_line' id='line_1_29' title="bbox 161 2265 1659 2314; baseline -0.005 -5"><span class='ocrx_word' id='word_1_249' title='bbox 161 2271 262 2309; x_wconf 87' lang='lat' dir='ltr'>enim</span> <span class='ocrx_word' id='word_1_250' title='bbox 304 2270 650 2308; x_wconf 88' lang='lat' dir='ltr'>demonstravimus</span> <span class='ocrx_word' id='word_1_251' title='bbox 692 2268 775 2306; x_wconf 89' lang='lat' dir='ltr'>fieri</span> <span class='ocrx_word' id='word_1_252' title='bbox 817 2269 954 2314; x_wconf 87' lang='lat' dir='ltr'>solere,</span> <span class='ocrx_word' id='word_1_253' title='bbox 996 2270 1037 2304; x_wconf 90' lang='lat' dir='ltr'>ut</span> <span class='ocrx_word' id='word_1_254' title='bbox 1079 2267 1192 2304; x_wconf 87' lang='lat' dir='ltr'>etiam</span> <span class='ocrx_word' id='word_1_255' title='bbox 1231 2268 1307 2303; x_wconf 84' lang='lat' dir='ltr'>tam</span> <span class='ocrx_word' id='word_1_256' title='bbox 1349 2265 1488 2302; x_wconf 87' lang='lat' dir='ltr'>breves</span> <span class='ocrx_word' id='word_1_257' title='bbox 1530 2266 1659 2312; x_wconf 86' lang='lat' dir='ltr'>partes</span> 
     </span>
     <span class='ocr_line' id='line_1_30' title="bbox 162 2333 1660 2388; baseline -0.005 -12"><span class='ocrx_word' id='word_1_258' title='bbox 162 2338 406 2388; x_wconf 89' lang='lat' dir='ltr'>astrophicae</span> <span class='ocrx_word' id='word_1_259' title='bbox 438 2338 611 2386; x_wconf 87' lang='lat' dir='ltr'>aliquam</span> <span class='ocrx_word' id='word_1_260' title='bbox 642 2338 681 2374; x_wconf 92' lang='lat' dir='ltr'>in</span> <span class='ocrx_word' id='word_1_261' title='bbox 713 2348 753 2374; x_wconf 89' lang='lat' dir='ltr'>se</span> <span class='ocrx_word' id='word_1_262' title='bbox 784 2336 876 2385; x_wconf 88' lang='lat' dir='ltr'>ipsis</span> <span class='ocrx_word' id='word_1_263' title='bbox 908 2335 1197 2384; x_wconf 87' lang='lat' dir='ltr'>responsionem</span> <span class='ocrx_word' id='word_1_264' title='bbox 1228 2334 1407 2380; x_wconf 83' lang='lat' dir='ltr'>habeant,</span> <span class='ocrx_word' id='word_1_265' title='bbox 1439 2333 1502 2370; x_wconf 90' lang='lat' dir='ltr'>hic</span> <span class='ocrx_word' id='word_1_266' title='bbox 1533 2335 1660 2370; x_wconf 89' lang='lat' dir='ltr'>autem</span> 
     </span>
     <span class='ocr_line' id='line_1_31' title="bbox 160 2400 1660 2456; baseline -0.004 -11"><span class='ocrx_word' id='word_1_267' title='bbox 160 2409 278 2456; x_wconf 90' lang='lat' dir='ltr'>poeta</span> <span class='ocrx_word' id='word_1_268' title='bbox 317 2407 480 2444; x_wconf 89' lang='lat' dir='ltr'>consilio</span> <span class='ocrx_word' id='word_1_269' title='bbox 523 2405 691 2454; x_wconf 87' lang='lat' dir='ltr'>quodam</span> <span class='ocrx_word' id='word_1_270' title='bbox 724 2415 855 2442; x_wconf 87' lang='lat' dir='ltr'>versus</span> <span class='ocrx_word' id='word_1_271' title='bbox 885 2404 1090 2441; x_wconf 86' lang='lat' dir='ltr'>dissimiles</span> <span class='ocrx_word' id='word_1_272' title='bbox 1121 2403 1272 2451; x_wconf 90' lang='lat' dir='ltr'>utrique</span> <span class='ocrx_word' id='word_1_273' title='bbox 1305 2401 1512 2439; x_wconf 85' lang='lat' dir='ltr'>choreutae</span> <span class='ocrx_word' id='word_1_274' title='bbox 1544 2400 1660 2439; x_wconf 88' lang='lat' dir='ltr'>dedit.</span> 
     </span>
    </p>
   </div>
   <div class='ocr_carea' id='block_1_5' title="bbox 162 2569 1658 2666">
    <p class='ocr_par' dir='ltr' id='par_1_5' title="bbox 162 2569 1658 2666">
     <span class='ocr_line' id='line_1_32' title="bbox 277 2569 1658 2617; baseline -0.004 -8"><span class='ocrx_word' id='word_1_275' title='bbox 277 2574 303 2617; x_wconf 81' lang='lat'>¹)</span> <span class='ocrx_word' id='word_1_276' title='bbox 333 2573 545 2617; x_wconf 85' lang='lat' dir='ltr'>„Corrector</span> <span class='ocrx_word' id='word_1_277' title='bbox 570 2573 717 2617; x_wconf 85' lang='lat' dir='ltr'>quidam</span> <span class='ocrx_word' id='word_1_278' title='bbox 743 2571 823 2607; x_wconf 87' lang='lat' dir='ltr'>cod.</span> <span class='ocrx_word' id='word_1_279' title='bbox 842 2572 945 2606; x_wconf 85' lang='lat' dir='ltr'>Laur.</span> <span class='ocrx_word' id='word_1_280' title='bbox 964 2571 1016 2606; x_wconf 88' lang='lat' dir='ltr'>rei</span> <span class='ocrx_word' id='word_1_281' title='bbox 1042 2570 1212 2605; x_wconf 84' lang='lat' dir='ltr'>metricae</span> <span class='ocrx_word' id='word_1_282' title='bbox 1245 2569 1434 2614; x_wconf 87' lang='lat' dir='ltr'>imperitus</span> <span class='ocrx_word' id='word_1_283' title='bbox 1458 2569 1658 2604; x_wconf 86' lang='lat' dir='ltr'>trimetrum</span> 
     </span>
     <span class='ocr_line' id='line_1_33' title="bbox 162 2629 706 2666; baseline -0.006 0"><span class='ocrx_word' id='word_1_284' title='bbox 162 2630 353 2666; x_wconf 88' lang='lat' dir='ltr'>iambicum</span> <span class='ocrx_word' id='word_1_285' title='bbox 380 2629 525 2665; x_wconf 87' lang='lat' dir='ltr'>efficere</span> <span class='ocrx_word' id='word_1_286' title='bbox 549 2629 706 2665; x_wconf 83' lang='lat' dir='ltr'>studuit:</span> 
     </span>
    </p>
   </div>
   <div class='ocr_carea' id='block_1_6' title="bbox 529 2702 1296 2755">
    <p class='ocr_par' dir='ltr' id='par_1_6' title="bbox 529 2702 1296 2755">
     <span class='ocr_line' id='line_1_34' title="bbox 529 2702 1296 2755; baseline -0.005 -11"><span class='ocrx_word' id='word_1_287' title='bbox 529 2704 741 2755; x_wconf 68' lang='grc' dir='ltr'><em>ἀπότροπος</em></span> <span class='ocrx_word' id='word_1_288' title='bbox 765 2703 890 2754; x_wconf 71' lang='grc' dir='ltr'>γένοιό</span> <span class='ocrx_word' id='word_1_289' title='bbox 916 2720 982 2752; x_wconf 83' lang='grc' dir='ltr'>μοι</span> <span class='ocrx_word' id='word_1_290' title='bbox 1010 2709 1081 2742; x_wconf 78' lang='grc' dir='ltr'>τῶν</span> <span class='ocrx_word' id='word_1_291' title='bbox 1105 2702 1296 2751; x_wconf 78' lang='grc' dir='ltr'>πημάτων,</span> 
     </span>
    </p>
   </div>
   <div class='ocr_carea' id='block_1_7' title="bbox 164 2786 1336 2836">
    <p class='ocr_par' dir='ltr' id='par_1_7' title="bbox 164 2786 1336 2836">
     <span class='ocr_line' id='line_1_35' title="bbox 164 2786 1336 2836; baseline -0.003 -12"><span class='ocrx_word' id='word_1_292' title='bbox 164 2790 287 2836; x_wconf 84' lang='lat' dir='ltr'>inepte</span> <span class='ocrx_word' id='word_1_293' title='bbox 313 2790 480 2835; x_wconf 82' lang='lat' dir='ltr'>quidem3</span> <span class='ocrx_word' id='word_1_294' title='bbox 505 2800 623 2836; x_wconf 89' lang='lat' dir='ltr'>neque</span> <span class='ocrx_word' id='word_1_295' title='bbox 650 2789 743 2825; x_wconf 84' lang='lat' dir='ltr'>enim</span> <span class='ocrx_word' id='word_1_296' title='bbox 768 2788 837 2824; x_wconf 88' lang='lat' dir='ltr'>iste</span> <span class='ocrx_word' id='word_1_297' title='bbox 862 2788 1022 2823; x_wconf 84' lang='lat' dir='ltr'>senarius</span> <span class='ocrx_word' id='word_1_298' title='bbox 1046 2787 1169 2832; x_wconf 89' lang='lat' dir='ltr'>potuit</span> <span class='ocrx_word' id='word_1_299' title='bbox 1194 2786 1336 2823; x_wconf 83' lang='lat' dir='ltr'>cantari.</span> 
     </span>
    </p>
   </div>
  </div>
 </body>
</html>
