1961 3179
312 179 392 215 460
1682 173 1798 223 [156]

425 302 460 327 v.
495 289 621 326 1495.-

676 374 759 419 ἄνὰ
790 377 828 418 δ’
857 372 1024 430 ἄντρον
1056 373 1220 431 ἔρημον
1250 374 1439 416 οἰωνῶν.

313 484 387 521 Vix
418 483 619 532 quisquam
641 482 856 521 Seidlerum
878 481 927 530 (p.
949 481 1054 529 139.)
1086 481 1238 517 secutus
1259 479 1334 517 hoc
1355 478 1468 517 modo
1484 489 1617 517 versus
1635 477 1802 516 dirimat:

815 588 1119 604 ψψψψψψψ
1135 578 1295 612 Ι---,

315 677 400 703 eum
437 665 673 713 „molossus“
708 675 778 712 per
808 674 849 701 se
880 663 1028 699 nullum
1060 662 1109 699 sit
1138 663 1312 699 metrum.

427 743 574 781 Eodem
594 744 683 780 loco
703 741 802 779 illud
824 741 1035 779 membrum
1064 758 1233 772 υ---
1260 740 1475 778 invenimus
1495 740 1535 777 in
1550 740 1637 778 Hel.
1654 752 1689 778 v.
1708 738 1804 776 657:

662 836 886 896 ἀδόκητον
918 837 1000 894 ἔχω
1031 852 1076 882 σε
1107 836 1218 894 πρὸς
1251 839 1459 894 στέρνοις.

426 947 473 983 In
502 945 646 984 Troad.
678 945 779 982 281:

576 1034 760 1087 μυσαρῷ
793 1032 931 1086 δολίῳ
963 1031 1145 1085 λέλογχα
1177 1030 1291 1083 φωτὶ
1327 1027 1556 1071 δουλεύειν

317 1125 453 1163 eadem
494 1124 652 1174 dipodia
693 1125 941 1173 anapaestiea
983 1122 1148 1171 (doehm.
1186 1121 1329 1171 anacl.)
1368 1134 1444 1160 uno
1485 1124 1604 1160 met-ro
1643 1121 1808 1159 iambica

315 1196 431 1233 aucta
461 1196 528 1232 est.

429 1284 475 1320 In
504 1283 619 1321 Herc.
650 1295 685 1323 v,
710 1283 838 1320 1024:

675 1368 856 1413 λυσσάδι
887 1367 1248 1425 συγκατειργάσω
1277 1369 1411 1426 μοίρᾳ
1427 1371 1455 1420 ¹)

432 1479 470 1515 et
499 1477 589 1517 Alc.
610 1476 713 1513 413:

416 1559 595 1605 sivovat‘
626 1561 807 1606 oiz'o'vcffc’
837 1561 1110 1617 ἐνύμφευσας
1142 1556 1246 1604 οὔδε
1278 1557 1424 1616 γήρως
1454 1558 1553 1613 ἔβας
1583 1561 1711 1611 τέλος

1385 1626 1467 1671 σὺν
1495 1623 1637 1686 τᾷδ’ἳ)

566 1724 574 1751 (
587 1728 1346 1744 -----------------
1362 1718 1574 1752 ιψ---)

323 1803 491 1842 dochmii
523 1802 767 1840 antecedunt.

436 1871 618 1908 Addendi
651 1874 739 1908 sunt
769 1873 971 1919 praeterea
1001 1881 1132 1907 omnes
1165 1869 1199 1907 ei
1228 1869 1318 1915 loci,
1350 1868 1488 1916 quibus
1518 1867 1732 1905 interiectio
1759 1861 1813 1905 ἰώ

323 1938 397 1991 μοί
428 1952 502 1990 μοι
535 1939 743 1987 separatim
772 1939 900 1987 posita
922 1941 990 1985 est,
1022 1938 1166 1986 quippe
1188 1948 1286 1985 quae
1307 1936 1407 1973 idem
1428 1936 1614 1985 praebeat
1634 1937 1811 1972 metrum:

979 2047 1167 2062 v—---—.

439 2121 542 2166 Quos
575 2132 720 2168 versus,
752 2120 889 2168 quibus
920 2121 959 2156 in
990 2119 1132 2166 metris,
1164 2130 1259 2166 quos
1289 2117 1476 2164 novimus,
1507 2117 1616 2154 locus
1646 2127 1724 2153 non
1745 2117 1813 2163 est,

325 2203 348 2226 a
387 2189 562 2226 versibus
607 2189 705 2225 alius
751 2189 904 2236 generis
944 2187 1168 2235 saepissime
1214 2185 1479 2234 cognoscimus
1519 2183 1569 2221 ad
1613 2182 1812 2221 dochmios

324 2257 576 2295 transducere
607 2268 773 2294 carmen.
833 2255 958 2301 Quare
990 2258 1095 2292 recte
1125 2257 1217 2303 puto
1251 2252 1584 2290 Wilamowitzium
1615 2251 1745 2299 (Herc.
1764 2250 1814 2298 Π,

327 2327 423 2374 218)
465 2337 549 2362 eum
591 2323 806 2361 doehmium
847 2335 1008 2361 vocasse
1039 2333 1247 2371 suppressa
1276 2320 1396 2366 brevi,
1436 2320 1565 2357 nescio
1596 2331 1646 2356 an
1674 2318 1814 2356 melius

326 2393 475 2430 dicatur
511 2390 762 2430 catalecticus
803 2391 865 2441 (ef.
886 2404 923 2440 p.
945 2391 996 2428 85
1011 2390 1125 2438 adn).
1185 2390 1314 2436 Atque
1356 2399 1454 2435 quae
1493 2398 1610 2435 supra
1650 2385 1814 2423 vidimus

327 2462 374 2498 de
415 2462 501 2498 aliis
542 2461 716 2497 versibus
757 2459 821 2497 hie
862 2459 909 2496 de
950 2459 1041 2507 ipsis
1082 2457 1268 2495 doehmiis
1307 2457 1433 2504 potest
1468 2454 1661 2502 intellegi.
1719 2452 1814 2491 Sunt

328 2530 427 2566 enim
456 2530 483 2566 ii
513 2540 646 2566 versus
667 2528 763 2565 mira
792 2530 873 2564 arte
904 2527 957 2564 ita
987 2525 1225 2572 conformati,
1255 2527 1296 2562 ut
1325 2522 1567 2560 intercedant
1596 2521 1694 2559 inter
1719 2519 1814 2558 duos

328 2598 426 2634 varii
456 2597 608 2645 generis
638 2607 772 2633 versus
803 2607 962 2643 quorum
993 2594 1144 2642 utrique
1180 2593 1309 2641 aliquo
1341 2590 1453 2629 modo
1484 2590 1629 2628 similes
1659 2590 1758 2629 sunt.

446 2743 470 2785 ¹)
496 2742 551 2775 De
578 2741 872 2785 interpretatione
899 2739 943 2774 cs.
962 2739 1044 2774 wil.
1063 2750 1097 2782 p.
1117 2742 1245 2783 2228q.

443 2798 471 2842 2)
497 2797 673 2843 Strophae
699 2807 824 2832 versus
851 2795 1019 2840 corrupti.
