1961 3179
150 143 267 195 [143]
1565 141 1646 179 447

262 255 370 294 Libri
400 255 581 304 strophae
613 257 770 294 ultimos
801 268 935 294 versus
966 256 1146 293 Electrae
1178 256 1414 302 continuant,
1446 254 1646 292 Seidlerus

150 326 255 362 recte
287 322 498 361 secundum
530 324 814 373 antistropham
837 323 964 363 Oresti
995 324 1138 361 tribuit.
1198 322 1461 361 Kirchhoffius
1479 325 1516 360 et
1538 323 1647 361 Cam-

149 403 265 441 perus
308 394 512 440 utrumque
552 392 681 430 locum
723 392 839 430 choro
885 391 1086 430 dederunt.
1154 391 1231 430 Sed
1271 391 1412 439 nescio,
1455 390 1646 439 quomodo

151 459 292 498 chorus
324 459 647 507 Clytaemestram
678 461 801 510 possit
832 461 1037 498 invocare:
1084 459 1139 508 „O
1171 471 1265 507 sors,
1296 471 1378 497 sors
1408 461 1484 506 tua,
1516 461 1646 506 mater,

153 539 252 576 quae
281 527 419 568 <Pme>
447 529 669 577 pepc1·isti.“
732 529 870 577 Neque
891 529 1047 566 ultimus
1069 527 1180 566 huius
1202 527 1353 577 periodi
1374 539 1507 565 versus
1530 526 1646 565 choro

150 596 269 633 tribui
285 598 422 645 potest,
454 607 589 634 sensus
612 596 713 634 enim
736 599 813 634 est:
850 627 866 645 „
884 597 1038 644 (Mater,
1069 598 1133 637 tu>
1164 607 1328 645 poenam
1351 595 1491 633 dedisti
1512 596 1646 633 merito

152 663 281 702 caedis
313 664 435 713 patris
466 665 574 704 mei.“
638 665 847 702 Praeterea
867 665 981 702 totius
1003 665 1122 714 partis
1143 665 1240 702 ratio
1264 664 1312 702 ad
1333 676 1448 702 unum
1471 663 1648 702 Orestem

151 731 326 780 quadrat,
356 733 541 781 imprimis
571 732 672 770 illud
703 733 952 782 antistrophi:

317 829 441 873 δεινὰ
471 827 715 887 δἐἰργάσω,
746 833 869 885 φίλα,
901 832 1169 887 κασίγνητον
1201 825 1254 874 οὐ
1285 831 1496 874 θέλοντα.

266 947 392 987 Ohoro
423 948 640 986 tribuerunt
671 949 744 986 viri
775 948 877 987 docti
898 948 968 986 hos
989 960 1123 986 versus
1143 949 1381 997 reliquarum
1403 947 1647 997 stropharum

151 1016 301 1055 ratione
334 1017 525 1064 commoti,
565 1019 694 1055 tamen
724 1017 764 1054 in
795 1029 840 1055 ea
870 1017 955 1066 ipsa
984 1029 1025 1055 re
1057 1019 1294 1054 erraverunt.
1354 1017 1455 1054 Nam
1485 1017 1648 1065 primum

152 1096 172 1122 e
193 1089 399 1122 metrorum
421 1085 698 1134 compositione
721 1085 963 1133 intellegitur
984 1096 1050 1123 eas
1072 1084 1330 1134 seiungendas
1352 1096 1446 1122 esse.
1496 1083 1648 1122 Deinde

152 1152 334 1191 observes
373 1154 491 1191 velim
523 1153 701 1202 strophis,
743 1165 841 1201 quae
882 1156 1093 1202 sequuntur
1125 1153 1283 1191 caedem
1319 1154 1442 1202 ipsam
1473 1152 1648 1199 describi,

151 1220 252 1258 hanc
297 1222 468 1269 querelis
514 1222 675 1270 expleri.
746 1222 924 1270 Denique
966 1222 1147 1259 Electrae
1187 1222 1333 1270 primus
1372 1233 1508 1259 versus
1546 1220 1648 1258 hanc

150 1289 268 1328 habet
297 1289 479 1329 formam:
738 1294 739 1297 ’

151 1460 341 1509 Strophae
372 1472 506 1498 versus
542 1461 648 1498 1182
680 1460 814 1499 tardus
847 1464 884 1498 et
914 1461 1043 1499 verbis
1074 1461 1245 1510 graviter
1276 1461 1411 1509 positis
1441 1460 1647 1509 impeditus

151 1529 234 1566 81110
265 1528 380 1567 dubio
412 1529 599 1566 sermonis
630 1530 798 1578 speciem
824 1529 994 1578 praebet,
1026 1541 1125 1577 quae
1147 1529 1305 1576 syllaba
1326 1528 1514 1577 producta
1535 1529 1648 1566 etiam

152 1598 323 1645 augetur.
383 1596 506 1642 Quem
547 1598 772 1646 praesertim
815 1609 900 1635 cum
940 1596 1013 1634 hac
1054 1598 1093 1634 in
1133 1599 1242 1645 parte
1281 1597 1439 1634 Electra
1479 1596 1648 1633 nondum

151 1665 377 1715 cantaverit,
418 1664 537 1702 facile
578 1666 822 1714 sciungimus,
869 1665 908 1702 in
950 1665 1191 1714 antistropho
1232 1667 1360 1702 autem
1401 1665 1650 1702 haesitaverit

151 1733 351 1782 quispiam.
427 1732 669 1782 Quamquam
714 1733 787 1772 hoc
832 1734 916 1782 ipso
960 1734 1048 1771 loco
1095 1733 1239 1782 optime
1285 1734 1466 1782 cognosci
1511 1735 1648 1781 potest,

151 1800 343 1849 quomodo
395 1812 519 1839 sermo
570 1801 757 1839 ascendat
806 1802 916 1849 quasi
966 1801 1015 1839 ad
1065 1813 1185 1850 genus
1236 1802 1435 1838 melicum:
1485 1801 1648 1849 primum

149 1870 318 1908 ieiunum
363 1870 464 1908 illud
508 1876 591 1910 ποῖ
629 1867 672 1909 δ’
720 1865 805 1922 ἐγώ
848 1863 1021 1922 (εἷμα),
1067 1869 1207 1907 deinde
1251 1870 1327 1906 iam
1373 1870 1518 1907 clarius
1563 1861 1649 1907 τίν’

151 1933 193 1985 ἐς
217 1931 433 1990 χορόυ-
462 1940 542 1976 111111
578 1938 746 1976 excitata
786 1939 948 1975 Electra
979 1937 1028 1975 ad
1058 1937 1098 1974 id
1129 1936 1308 1985 deflectit,
1350 1937 1390 1974 in
1430 1949 1504 1985 quo
1549 1937 1649 1974 vitae

152 2006 312 2055 speique
343 2018 490 2045 summa
521 2007 557 2044 ei
587 2006 712 2055 posita
743 2008 819 2044 est:

423 2106 524 2148 τίνα
554 2103 696 2161 γάμοι)
727 2101 838 2160 εἶμι,·
868 2105 933 2155 τίς
963 2104 1093 2155 πόσις
1122 2120 1174 2160 με
1206 2104 1407 2158 diget-ccc,-

151 2221 237 2258 Hoc
276 2221 366 2258 1000
408 2221 525 2258 etiam
566 2221 736 2269 graviter
775 2221 858 2269 ipse
900 2222 1035 2258 cantus
1074 2220 1233 2268 inicipit,
1277 2232 1299 2256 a
1339 2219 1454 2257 simili
1494 2219 1649 2268 quidem

151 2301 282 2336 versu;
313 2289 382 2327 sed
413 2287 501 2338 quis
532 2292 600 2337 est,
632 2290 724 2338 quin
754 2289 896 2337 videat,
929 2291 1114 2337 quantum
1146 2288 1261 2326 distet
1292 2288 1339 2326 ab
1371 2288 1556 2338 impedito
1577 2289 1647 2326 illo

151 2357 334 2395 senario?

265 2494 363 2531 Hel.
386 2493 478 2533 625.
538 2493 716 2531 Helenae
747 2493 994 2541 Menelaique
1016 2493 1207 2530 canticum
1237 2491 1328 2530 inde
1349 2504 1382 2531 a.
1404 2504 1439 2528 v.
1463 2492 1543 2528 625
1573 2492 1648 2528 iam

152 2561 484 2609 pertractavimus,
527 2572 646 2608 quare
687 2560 787 2597 nihil
823 2559 896 2597 1100
926 2561 1014 2597 1000
1045 2560 1118 2597 nisi
1148 2560 1272 2608 ipsam
1303 2571 1384 2597 rem
1414 2559 1648 2608 perquiram.

265 2640 310 2677 V.
333 2639 412 2676 625
426 2651 481 2687 sq.
511 2651 589 2677 non
623 2639 785 2686 cantico,
827 2638 895 2676 sed
937 2639 1094 2687 dialogo
1136 2638 1330 2676 tribuendi
1361 2640 1460 2676 sunt.
1518 2638 1649 2676 Mene-

150 2707 256 2745 laus:
294 2718 339 2755 „o
371 2708 563 2756 exoptate,
594 2707 729 2754 inquit,
761 2706 853 2753 dies,
885 2707 950 2754 qui
981 2706 1073 2744 mihi
1103 2706 1220 2753 dedit,
1250 2708 1292 2743 ut
1321 2709 1359 2743 te
1390 2706 1643 2754 amplecta1·!“

151 2775 304 2812 Helena
332 2773 616 2824 respondet:„o
648 2774 842 2812 carissime
871 2775 1052 2822 virorum,
1082 2775 1242 2823 longum
1264 2773 1542 2822 eratspatium,
1573 2773 1648 2810 iam
