1961 3179
303 176 383 215 450
1679 175 1800 229 [146]

304 300 439 326 versus
482 292 524 327 ut
569 290 649 327 280
672 300 755 338 sqq.
800 288 1011 339 coryphaei
1056 291 1158 338 sunt,
1214 289 1387 327 diverbio
1436 289 1629 328 tribuendi
1673 301 1799 338 neque

306 357 461 395 cantati.
492 357 566 396 Ofi:

304 583 645 621 Wilamowitzium
689 585 783 632 puto
828 585 949 621 totum
997 584 1188 621 canticum
1235 583 1455 632 coryphaeo
1487 582 1664 621 daturum
1705 595 1798 631 esse,

305 651 482 699 equidem
503 652 617 689 etiam
638 651 712 689 hoc
733 652 821 690 loco
844 652 879 689 ei
899 663 978 689 non
999 652 1216 689 assentirer.
1266 652 1366 689 Nam
1388 654 1522 701 aperte
1540 651 1632 689 mihi
1647 651 1799 690 videtur

306 718 425 756 dividi
456 719 667 768 coryphaei
697 731 788 769 pars
819 732 842 757 a
873 719 991 767 chori,
1031 719 1196 757 maxime
1227 719 1368 757 iterata
1397 719 1643 757 invocatione
1674 713 1797 770 ἄναξ.

417 877 487 917 Or.
523 878 639 915 1246.
699 878 925 926 Implicatus
956 877 1108 915 videtur
1144 881 1289 925 cantus,
1330 890 1443 926 quem
1475 878 1635 916 alternis
1666 878 1799 916 dicunt

302 946 459 984 Electra
489 948 527 983 et
557 945 696 984 chorus
725 946 764 982 in
787 946 850 984 Or.
871 958 905 982 V.
930 945 1036 982 1246
1051 957 1145 994 sqq,
1176 948 1305 983 tamen
1335 945 1451 983 facile
1482 947 1522 983 in
1553 946 1647 984 duas
1667 949 1797 995 partes

303 1013 498 1060 dividitur,
538 1025 698 1061 quarum
739 1014 863 1050 altera
892 1014 1017 1062 ipsum
1049 1014 1239 1051 canticum
1272 1013 1453 1060 continet,
1493 1015 1618 1051 altera
1648 1014 1696 1051 de
1725 1014 1797 1052 viis

302 1080 568 1119 custodiendis
600 1082 680 1129 agit
710 1081 845 1118 eodem
877 1081 990 1118 modo
1023 1081 1160 1129 quoin
1182 1092 1358 1118 sermone
1381 1081 1522 1129 aliquo.
1582 1080 1689 1127 Quae
1710 1093 1795 1119 cum

305 1151 457 1186 cantata
488 1160 567 1186 non
597 1150 654 1195 sit,
686 1152 723 1186 et
753 1149 792 1185 in
824 1148 983 1197 stropha
1013 1151 1051 1186 et
1080 1149 1121 1185 in
1152 1147 1392 1197 antistropha
1421 1148 1548 1186 differt
1578 1161 1601 1186 a
1621 1150 1796 1187 versibus

303 1217 476 1263 cantatis,
518 1218 668 1254 constat
709 1216 808 1253 enim
850 1228 870 1253 e
911 1216 1058 1253 duobus
1088 1217 1268 1254 Electrae
1308 1216 1484 1254 versibus
1525 1216 1642 1254 1251.
1676 1216 1796 1254 1252.

302 1286 338 1321 et
367 1284 488 1321 tribus
519 1283 627 1321 chori
662 1284 767 1322 1258
781 1295 876 1332 sqq,
916 1284 981 1332 qui
1011 1284 1196 1322 librorum
1228 1284 1455 1322 auctoritate
1486 1283 1646 1322 duorum
1677 1283 1794 1322 hemi-

301 1351 518 1389 choriorum
541 1351 700 1389 ducibus
720 1351 949 1398 tribuuntur,
970 1351 1187 1389 necessario
1205 1351 1369 1399 quidem.
1409 1351 1592 1390 Videmus
1607 1351 1793 1389 Wilamo·

299 1419 465 1456 witzium
504 1421 610 1456 recte
650 1419 967 1456 animadvertisse
1008 1420 1062 1457 eis
1101 1419 1211 1466 locis,
1253 1419 1391 1467 quibus
1423 1430 1518 1468 opus
1549 1421 1606 1457 est
1636 1418 1794 1457 chorum

301 1486 422 1523 dividi
452 1487 492 1523 in
524 1487 619 1524 duas
650 1488 791 1535 partes,
822 1487 1006 1524 librorum
1038 1487 1259 1524 memoriam
1289 1498 1367 1524 non
1389 1488 1508 1536 plane
1528 1498 1597 1525 nos
1618 1486 1794 1525 deficere.

300 1553 457 1591 Ceteros
488 1565 620 1591 versus
652 1554 830 1602 equidem
861 1565 939 1590 non
969 1553 1105 1591 iisdem
1136 1553 1376 1602 coryphaeis,
1408 1554 1477 1592 sed
1506 1554 1577 1592 toti
1607 1553 1725 1592 choro
1756 1556 1794 1592 et

298 1622 337 1658 in
369 1622 514 1658 antistr.
547 1622 710 1670 singulis
740 1621 986 1659 hemichoriis
1014 1622 1151 1668 tribuo,
1182 1633 1310 1670 neque
1332 1622 1434 1659 enim
1454 1623 1538 1659 ulla
1557 1633 1599 1659 re
1620 1622 1793 1671 cogimur

300 1689 347 1726 de
388 1701 463 1726 uno
507 1689 691 1726 choreuta
722 1689 903 1737 cogitare.
963 1689 1214 1738 Coryphaeos
1247 1692 1284 1727 et
1314 1690 1509 1727 Electram
1538 1690 1628 1727 illos
1657 1701 1792 1728 versus

298 1757 557 1805 pronuntiare,
599 1768 676 1794 non
716 1760 872 1794 cantare
912 1757 1115 1805 permultis
1152 1758 1365 1794 affirmatur
1395 1757 1555 1805 syllabis
1584 1756 1793 1806 productis.

410 1848 537 1884 Etiam
582 1847 621 1883 in
667 1847 916 1885 cantiuncnla
961 1846 1198 1896 astrophica,
1244 1859 1344 1896 quae
1388 1847 1568 1896 sequitur,
1612 1849 1792 1886 accurate

298 1917 550 1953 secernuntur
581 1916 615 1952 ei
646 1927 789 1962 versus,
830 1915 871 1952 in
902 1915 1040 1963 quibus
1070 1916 1226 1953 Electra
1258 1918 1296 1952 et
1325 1914 1464 1953 chorus
1494 1915 1542 1952 de
1571 1915 1637 1953 via
1667 1917 1791 1953 custo-

298 1982 452 2031 dienda,
483 1985 521 2021 et
552 1983 596 2030 ei,
627 1984 667 2020 in
697 1983 834 2031 quibus
865 1983 913 2020 dc
940 1982 1112 2020 facinore
1133 1983 1173 2020 in
1195 1982 1355 2021 aedibus
1377 1982 1625 2032 exsequendo
1647 1982 1791 2021 dicunt.

296 2051 453 2088 Electra
492 2051 566 2088 nisi
600 2050 695 2088 duos
726 2050 872 2088 medios
902 2062 1062 2088 versus:
1103 2046 1213 2102 τάχα
1247 2063 1313 2097 τις
1337 2048 1540 2103 Ἀργείων
1579 2050 1673 2090 κτλ.
1711 2062 1791 2088 non

297 2120 435 2165 cantat,
465 2129 609 2165 versus,
641 2118 707 2166 qui
729 2120 766 2156 et
787 2118 939 2156 initium
960 2120 997 2155 et
1017 2117 1131 2156 finem
1153 2117 1310 2165 faciunt,
1332 2119 1518 2156 sermonis
1539 2119 1637 2166 sunt,
1656 2117 1790 2156 itidem

297 2197 359 2222 vv.
385 2186 503 2222 1297.
539 2186 657 2223 1298.
719 2185 788 2223 Cui
817 2197 1008 2234 personae
1030 2185 1234 2222 tribuenda
1256 2185 1332 2222 sint
1353 2185 1481 2232 verba,
1513 2197 1534 2223 e
1554 2185 1664 2223 libris
1685 2188 1789 2224 certe

295 2265 371 2290 non
392 2252 635 2301 perspicitur.
694 2253 935 2301 Dubitamus,
956 2255 1081 2289 utrum
1104 2251 1322 2301 coryphaeo
1347 2265 1394 2289 an
1417 2253 1597 2290 Electrae
1618 2253 1788 2291 senarios

295 2321 515 2360 tribuamus,
574 2320 674 2358 Nam
715 2332 762 2357 ex
801 2320 885 2369 ipsa
925 2331 966 2357 re
1007 2320 1203 2357 Electram
1245 2320 1454 2357 clamorem
1484 2320 1591 2369 prius
1620 2319 1787 2358 audiisse

294 2388 503 2425 verisimile
553 2390 619 2436 est,
660 2399 745 2425 cum
786 2387 947 2425 aedibus
978 2399 1100 2436 prope
1131 2387 1268 2434 adstet,
1305 2387 1444 2424 chorus
1475 2389 1602 2425 autem
1631 2388 1787 2425 remotis

294 2455 390 2492 locis
431 2458 632 2503 utramque
663 2455 776 2502 viam,
820 2466 918 2503 quae
949 2453 998 2492 ad
1029 2454 1146 2492 aedes
1178 2454 1291 2501 ducit,
1329 2454 1528 2503 custodiat,
1571 2466 1619 2492 ex
1648 2457 1787 2503 poetae

295 2524 419 2559 autem
460 2534 530 2560 usu
571 2523 757 2560 eiusmodi
786 2534 920 2560 versus
952 2521 1173 2571 coryphaeo
1204 2522 1320 2559 tribui
1351 2523 1487 2560 solent.
1545 2522 1683 2570 Neque
1712 2522 1786 2560 hoc

293 2590 381 2626 loco
412 2589 498 2626 ideo
529 2601 614 2627 eum
645 2601 753 2627 usum
785 2590 966 2638 omittam,
998 2589 1101 2637 quod
1130 2589 1250 2627 verba
1280 2589 1409 2636 lyrica
1439 2600 1537 2637 quae
1564 2591 1786 2637 sequuntur,

293 2657 471 2693 Electrae
502 2656 681 2694 videntur
712 2669 806 2695 esse.
865 2658 1087 2694 Hermanno
1118 2658 1255 2704 autem,
1287 2657 1352 2705 qui
1382 2657 1498 2694 etiam
1527 2656 1590 2694 hic
1623 2656 1670 2694 de
1692 2656 1785 2694 duo-

292 2723 363 2761 bus
402 2723 724 2762 hemichoriorum
765 2723 926 2762 ducibus
967 2723 1122 2771 cogitat,
1163 2724 1343 2761 assentiri
1381 2735 1531 2771 nequeo
1569 2723 1623 2762 eis
1660 2724 1784 2761 causis

292 2792 518 2837 commotus,
560 2802 653 2838 quas
695 2801 810 2839 supra
850 2791 973 2828 attuli.
1017 2811 1073 2817 -—
1113 2790 1267 2827 Addam
1305 2802 1340 2828 V.
1370 2791 1475 2827 1302
1490 2801 1573 2839 sqq.
1604 2790 1784 2828 Electrae
