1961 3179
252 209 332 246 408
1625 196 1741 258 [104]

738 332 760 356 a

421 469 538 506 1155.
819 486 852 500 ψ
932 485 966 498 ψ
1023 484 1101 498 v„
1278 466 1305 515 ι)

928 551 1279 566 ᾈῌυψ-υψψ
1304 533 1336 582 2)

742 695 763 719 a

419 832 537 868 1160.
592 854 760 857 —jj—

718 991 794 1015 aa

740 1069 764 1106 b

935 1166 1008 1180 *xa
1032 1166 1098 1180 vx.)
1126 1156 1128 1189 ἶ
1157 1165 1327 1180 υ-ψ-

367 1330 431 1367 Ad
471 1329 584 1367 finem
630 1342 689 1368 me
732 1332 825 1379 puto
870 1329 1097 1378 perduxisse
1143 1329 1418 1377 quaestionem.
1485 1330 1574 1367 Non
1619 1330 1747 1367 omnia

253 1399 486 1447 pertractavi
529 1398 690 1445 cantica,
730 1410 856 1447 pauca
885 1400 1041 1445 restant,
1081 1397 1129 1435 de
1170 1397 1306 1446 quibus
1347 1397 1523 1446 despero,
1562 1398 1747 1446 imprimis

252 1467 292 1502 in
333 1478 378 1503 ea
416 1465 567 1511 fabula,
609 1477 722 1513 quam
764 1465 986 1503 inchoatam
1026 1477 1071 1503 ae
1110 1465 1243 1502 rudem
1284 1465 1441 1513 reliquit
1480 1467 1606 1513 poeta,
1647 1477 1746 1513 quae

253 1533 425 1582 perfecta
465 1534 657 1581 simulque
700 1534 877 1570 mutilata
917 1535 974 1570 est
1010 1532 1057 1570 ab
1089 1533 1166 1570 alio
1198 1532 1376 1583 quodam,
1416 1533 1477 1570 cui
1517 1533 1640 1581 pietas
1670 1545 1748 1570 non

255 1604 337 1638 erat
378 1613 470 1649 erga
510 1600 682 1638 defuncti
721 1603 859 1649 poetae
899 1601 1106 1649 ingenium.
1175 1601 1279 1638 Aliis
1321 1601 1610 1649 quaestionibus
1649 1600 1748 1638 haec

254 1680 449 1706 reservem
479 1680 638 1706 necesse
669 1671 738 1706 est.
799 1669 902 1708 Fieri
932 1671 1069 1717 potest,
1100 1671 1140 1706 ut
1163 1669 1217 1706 eis
1238 1669 1364 1716 rebus,
1396 1680 1491 1717 quas
1513 1668 1586 1707 hac
1608 1669 1748 1707 disser-

256 1738 401 1774 tatione
430 1738 709 1786 perspeximus,
740 1736 977 1786 adhrvemur,
1008 1740 1049 1773 ut
1080 1738 1193 1775 etiam
1223 1736 1286 1774 hic
1317 1738 1471 1785 paleam
1502 1737 1748 1785 seiungamus

255 1817 278 1841 a
308 1805 445 1843 tritico.
504 1804 645 1842 Adhuc
687 1816 747 1842 me
789 1804 960 1842 concedo
1000 1804 1246 1842 infirmiorem
1289 1816 1372 1843 esse
1412 1817 1526 1854 quam
1565 1807 1607 1842 ut
1636 1805 1749 1842 istum

255 1873 431 1910 laborem
463 1873 675 1910 absolvam.
734 1873 779 1909 Iu
809 1873 965 1912 Heracl.
997 1875 1131 1910 contra
1161 1872 1313 1910 facilius
1336 1875 1427 1921 puto
1449 1873 1598 1922 spurias
1618 1876 1749 1922 partes

256 1952 457 1989 apparere,
488 1943 529 1977 ut
555 1941 594 1977 in
615 1941 717 1978 omni
739 1940 819 1978 fere
839 1943 948 1989 parte
970 1940 1106 1978 harum
1128 1940 1550 1978 dissertatiuncularum
1573 1941 1749 1989 cognovi.

369 2020 504 2057 Totius
535 2022 661 2057 autem
694 2020 930 2068 quaestionis
962 2032 1109 2057 summa
1138 2020 1236 2058 haec
1267 2022 1342 2058 est:

370 2088 531 2124 Nullum
561 2087 757 2136 Euripidis
789 2099 944 2125 carmen
976 2089 1142 2125 solutum
1173 2100 1221 2125 ex
1256 2089 1437 2136 congerie
1469 2090 1620 2126 constat
1649 2088 1749 2125 vari-

258 2167 365 2192 orum
397 2158 621 2201 metrorum3
652 2155 795 2203 ubique
825 2155 937 2204 paria
968 2158 1033 2193 aut
1062 2156 1202 2193 similia
1233 2156 1440 2193 coniuncta
1469 2158 1568 2202 sunt,
1608 2155 1750 2203 ubique

258 2222 351 2260 ordo
394 2225 451 2260 est
490 2225 528 2260 et
569 2226 789 2260 concentus.
859 2224 1002 2260 Poetae
1045 2224 1142 2261 ratio
1187 2223 1378 2271 quomodo
1419 2235 1489 2272 per
1528 2224 1643 2262 vitam
1686 2222 1752 2260 fiat

259 2289 510 2337 artificiosior,
554 2291 736 2338 cognosci
778 2293 914 2339 potest.
974 2291 1105 2339 Atque
1145 2291 1219 2328 hac
1259 2303 1412 2340 quoque
1452 2303 1493 2329 re
1530 2291 1750 2329 fabularum

259 2357 433 2395 ordinem
464 2369 579 2405 quam
610 2369 679 2395 nos
711 2358 912 2395 statuimus
942 2360 1087 2395 rectum
1119 2370 1203 2396 esse
1235 2358 1528 2397 demonstratur.

372 2426 480 2463 Haec
521 2426 575 2462 eis
614 2424 828 2472 sufficiunt,
876 2426 942 2474 qui
981 2426 1172 2474 poeticam
1218 2425 1331 2464 modo
1372 2428 1491 2464 artem
1531 2427 1752 2475 perspicere

260 2493 397 2529 volunt
437 2495 551 2541 atque
592 2493 785 2530 laetantur
826 2496 863 2531 et
902 2493 1138 2531 fructuosam
1179 2494 1415 2532 arbitrantur
1455 2505 1629 2543 operam,
1668 2493 1749 2530 ubi-

262 2571 424 2607 cumque
455 2571 580 2597 novae
610 2561 854 2608 reperiuntur
884 2563 1118 2599 venustates.

376 2638 473 2685 Ipsis
504 2637 714 2686 philologis
744 2638 840 2676 haec
871 2639 1078 2677 accedunt:

380 2781 406 2824 ¹)
432 2783 589 2824 corrupt.
608 2781 690 2815 Wil.
716 2781 867 2815 mavult:
896 2779 1060 2821 Πενθέος
1084 2778 1264 2826 ἐκγενέτα.

377 2838 405 2880 ²)
433 2847 498 2872 em.
517 2837 606 2872 Wil:
634 2832 674 2872 ὃς
699 2839 886 2881 θηλυγενῆ
913 2833 1166 2882 amicimus).
