1961 3179
166 145 289 196 [145]
1589 149 1669 188 449

174 259 354 306 syllabae
393 269 472 295 non
501 258 759 296 inveniuntur.
818 260 958 296 Forma
989 254 1200 309 αὔδασον,
1232 261 1307 299 nisi
1337 261 1581 299 librariorum
1613 266 1670 300 est

174 338 291 374 error,
332 325 616 364 demonstratur
657 338 753 375 eum,
795 328 859 376 qui
900 327 971 365 hos
1010 340 1143 366 versus
1181 329 1350 375 inseruit,
1390 341 1469 368 non
1498 330 1669 379 potuisse

176 393 396 432 discernere
428 394 531 432 inter
561 396 764 443 utrumque
795 407 974 433 versuum
1005 407 1138 444 genus.

288 474 440 514 Primus
470 474 587 523 igitur
617 475 843 524 Antigonae
873 476 1066 514 trimetrus
1097 477 1144 514 ab
1177 477 1362 526 Euripide
1393 477 1591 517 confectus
1613 481 1672 517 est

343 588 378 612 v.
405 576 502 613 131:
534 571 614 615 τὸν
646 574 688 615 <5³
719 574 991 629 ἐξαμείβοντ’
1021 574 1099 630 οὐχ
1131 571 1236 632 ὁρᾷς
1267 577 1428 632 Δίρκης
1458 571 1608 632 {iocum

173 653 313 692 deinde
343 667 378 692 v.
404 655 502 692 141:
535 648 588 694 σὺ
623 647 661 694 δ’
694 649 730 695 ὦ
762 654 904 708 γε’ρον,
939 657 1034 703 πῶς
1066 653 1258 708 αἰσθάνῃ
1290 657 1440 708 σαφῶς
1470 654 1601 706 uide,-

343 746 378 771 v.
406 734 503 772 145:
536 733 599 782 τίς
632 733 669 774 ῥ’
699 725 833 783 οὗτος
866 732 971 787 ἀμφὶ
1004 735 1149 788 μνῆμα
1181 731 1232 776 τὸ
1264 732 1419 790 Ζήθου
1449 737 1562 792 περᾷ
1595 769 1603 777 .
1629 769 1669 778 ..

346 826 380 850 v.
406 814 506 851 158:
539 810 575 853 ώ
598 812 785 864 ᾳίλτατ),
819 811 926 863 εἰπέ,
958 815 1051 854 ποῦ
1081 813 1160 855 ’στι
1192 814 1484 869 Πολυνείκης,
1514 814 1670 869 γέρον,·

172 917 251 952 tum
294 914 333 952 hi
364 927 511 963 versus,
553 927 649 963 quos
691 916 888 954 exorditur
928 916 1191 966 paedagogus,
1231 918 1433 966 Antigona
1473 919 1671 956 continuat

173 993 240 1020 seu
271 983 356 1020 vice
388 995 520 1021 versa:

342 1098 377 1122 v.
402 1086 477 1122 171
493 1097 568 1134 sq.:
601 1117 607 1124 .
631 1116 638 1124 .
662 1116 669 1124 .
692 1117 700 1124 .
732 1083 991 1135 ἔνσπονδος.

445 1166 559 1203 Ant:
592 1156 727 1214 οὗτος
759 1157 811 1215 δ’,
843 1159 879 1205 ὦ
908 1165 1068 1219 γεραιέ,
1098 1165 1164 1213 τίς
1195 1173 1337 1219 κυρεῖς

582 1225 629 1281 ὃς
662 1225 776 1287 ἶ-ἷρμα
810 1230 972 1274 λευκὸν
1001 1226 1291 1288 ἡνιοστροςιεῖ
1321 1230 1485 1285 βεβώς,-

342 1337 377 1361 v.
403 1325 501 1362 179:
535 1357 541 1363 .
566 1357 573 1364 .
599 1356 607 1364 .
632 1356 640 1364 .
673 1321 932 1373 Καπανεύς,·

443 1392 596 1431 Paed.:
629 1389 797 1441 ἐκεῖνος
828 1389 1093 1446 προσβάσεις
1125 1393 1403 1447 τεκμαίρεται

579 1457 769 1514 πύργων
801 1455 894 1501 ἂνω
926 1476 972 1502 τε
1005 1461 1078 1501 καὶ
1110 1458 1235 1502 κάτω
1266 1462 1384 1517 τείχη
1415 1462 1604 1516 μετρῶν.

342 1563 377 1588 v.
403 1552 479 1588 161
495 1563 567 1601 sq.:
598 1554 718 1601 plane
749 1553 884 1591 soluti:

444 1632 489 1671 P.
511 1628 642 1687 ὁρᾷς;
672 1631 725 1672 Α.
750 1623 843 1685 ὁρῶ
874 1623 1026 1686 ὁῆτόιῗ
1055 1631 1221 1683 σαφῶς,
1253 1622 1346 1685 ὁρῶ
1379 1631 1427 1672 δέ
1455 1646 1552 1679 πως

578 1700 752 1755 μορᾳῆς
783 1696 976 1752 τύπωμα
1007 1698 1167 1753 στέρνα
1198 1694 1236 1739 τ’
1273 1697 1555 1753 ἐξῃκασμένα,

285 1801 359 1848 Qui
401 1813 532 1840 omnes
569 1803 686 1840 facile
728 1803 983 1851 seiunguntur
1014 1815 1036 1840 a
1065 1803 1239 1852 partibus
1271 1804 1445 1851 cantatis,
1481 1815 1671 1852 nusquam

171 1869 310 1908 desunt
341 1871 522 1918 syllabae
553 1870 789 1920 productae3
820 1882 974 1919 semper
1003 1871 1224 1920 paedagogi
1257 1871 1403 1909 senarii
1437 1871 1672 1910 antecedunt

171 1940 236 1975 aut
266 1941 490 1986 sequuntur.
549 1939 673 1978 Simili
703 1939 792 1977 loco
823 1939 979 1988 ponitur
1009 1951 1046 1977 v.
1071 1937 1170 1978 138:

443 2037 502 2088 αἱς
535 2032 761 2093 ἀλλόχρως
793 2032 982 2090 ὅπλοισι,
1013 2035 1376 2094 μειξοβάρβαρος,

170 2142 294 2180 forma
326 2145 453 2181 autem
489 2142 586 2180 nihil
618 2143 912 2181 demonstratur.
972 2144 1104 2192 Atque
1136 2143 1312 2182 dubitare
1343 2155 1554 2193 possumus,
1586 2156 1671 2182 cum

170 2210 412 2249 conferamus
433 2223 495 2250 vv.
520 2211 610 2249 148.
636 2213 736 2257 168„
759 2212 824 2260 qui
845 2212 940 2249 miro
962 2211 1077 2249 modo
1098 2212 1234 2249 inserti
1254 2214 1352 2249 sunt.
1411 2213 1548 2260 Neque
1570 2213 1671 2249 enim

170 2279 322 2316 secerni
360 2282 521 2328 possunt
562 2279 610 2317 ab
643 2280 708 2326 eis,
750 2281 815 2327 qui
853 2280 957 2317 circa
987 2282 1086 2326 sunt,
1127 2283 1165 2317 et
1205 2280 1369 2327 syllabis
1410 2283 1553 2317 vocant
1582 2291 1670 2328 pro-

171 2346 305 2384 duct1s.
366 2346 470 2392 Quos
500 2350 542 2385 ut
572 2348 766 2385 trimetros
787 2347 1006 2385 recitandos
1036 2359 1123 2385 esse
1145 2360 1193 2385 ex
1215 2359 1260 2384 eo
1282 2348 1536 2395 intellegitur,
1568 2346 1670 2395 quod

170 2414 298 2452 brevis
332 2416 487 2462 syllaba
514 2416 713 2464 utriusque
734 2415 849 2452 finem
870 2414 974 2462 facit,
1005 2417 1209 2462 utrumque
1231 2414 1399 2452 dochmii
1422 2414 1671 2452 circumdant.

169 2482 287 2519 Alter
318 2484 442 2521 altero
473 2483 631 2521 fulcitur
661 2495 788 2532 neque
820 2494 887 2520 suo
917 2483 999 2520 iure
1030 2483 1198 2531 priorem
1224 2481 1444 2520 Dindorfius
1476 2482 1539 2530 (cf.
1561 2484 1670 2520 Mctr.

169 2562 205 2598 p.
239 2550 336 2600 275)
366 2551 406 2588 in
437 2550 590 2588 dimetri
620 2550 836 2589 dochmiaci
868 2550 1031 2588 formam
1064 2552 1223 2588 conatus
1255 2553 1311 2588 est
1341 2550 1529 2599 redigere.

284 2708 455 2747 Phoen.
489 2710 582 2747 291.
641 2709 777 2747 Brevis
819 2709 1069 2747 cantiuncula
1111 2721 1190 2746 non
1229 2708 1365 2758 incipit
1402 2722 1424 2746 a
1466 2709 1593 2747 verbis
1635 2702 1671 2748 ὦ

169 2774 397 2829 συγγένεια
429 2777 532 2824 κτλ,
573 2776 640 2814 sed
682 2776 834 2814 demum
875 2776 924 2814 ab
964 2776 1034 2813 illo
1076 2782 1338 2828 γονυτετεῖς.
1412 2777 1531 2813 Primi
1571 2777 1670 2814 enim

239 2853 318 2878 Dias.
333 2853 404 2878 Hal.
423 2851 490 2878 xv.
1424 2854 1465 2885 30
