1961 3179
153 141 265 194 [137]
1563 141 1642 178 441

152 254 373 305 coryphaco
405 255 604 293 enuntiata
635 255 854 304 incipiente,
897 255 1013 294 choro
1046 256 1306 295 continuante.
1367 255 1541 293 Alteram
1575 254 1644 303 igi-

152 325 214 361 tur
243 323 444 372 periodum
475 322 565 360 inde
597 336 619 360 a
650 336 684 362 v.
721 324 826 360 1032
870 322 943 361 hoc
984 323 1098 361 modo
1138 324 1380 373 interpretor.
1439 322 1648 360 Exorditur

153 390 414 440 coryphaeus:
452 391 606 438 „Fallet
636 393 673 428 te
704 402 793 439 spes
823 390 934 429 huius
966 391 1063 438 viae,
1093 403 1191 439 quae
1222 393 1259 428 te
1292 391 1399 428 duxit
1429 391 1552 427 ——“et
1572 393 1646 428 ter-

151 459 289 496 minari
327 459 412 495 vult
451 459 689 495 enuntiatum
730 459 823 496 satis
865 459 1013 507 quiete:
1060 481 1137 506 ,‚—-
1174 459 1213 495 in
1253 459 1557 505 tabernaculum,
1598 457 1646 495 acl

151 526 399 572 thesauros“;
440 525 508 563 sed
548 526 718 573 graviter
759 525 897 564 chorus
939 527 1168 565 sententiam
1210 527 1409 564 continuat
1446 526 1646 575 inopinato

150 594 241 632 illo:
278 616 356 642 „—
386 593 436 631 ad
466 595 626 631 mortem
658 595 695 632 et
724 593 913 632 infe1·os!“

264 741 516 781 Heo.1088.
575 742 621 778 In
661 741 842 779 monodia
882 742 1002 790 longa
1043 744 1081 779 et
1121 742 1302 779 continua
1343 753 1460 778 unum
1494 752 1647 778 versum

151 821 269 858 supra
309 809 474 846 diximus
515 810 682 847 sermoni
723 810 840 846 tribui
879 810 945 846 vix
986 821 1112 858 posse.
1181 810 1307 847 Unum
1348 811 1478 846 tamen
1517 810 1648 846 locum

152 877 332 926 excipere
364 877 557 925 debemus,
595 889 670 925 quo
701 877 784 925 ipso
817 888 930 914 sensu
962 888 1006 914 eo
1040 876 1277 917 adducimur.
1336 877 1466 925 Atque
1487 876 1648 924 gaudeo,

152 945 255 994 quod
295 957 350 993 ea,
391 957 490 993 quae
520 945 596 981 iam
627 946 746 982 multo
778 947 867 982 ante
899 957 946 982 ex
977 946 1061 993 ipsa
1091 957 1132 982 re
1164 945 1415 990 conieceram,
1455 944 1528 982 hac
1560 945 1648 991 lege

151 1013 365 1062 probantur
396 1015 434 1050 et
463 1015 669 1061 propterea
701 1015 805 1050 certo
829 1016 1054 1061 argumento
1076 1014 1222 1050 animos
1244 1024 1398 1062 possum
1420 1015 1648 1050 convertere

151 1082 191 1118 in
221 1082 351 1119 10011111
388 1081 522 1118 subtili
552 1081 698 1129 ingenii
730 1081 926 1129 elegantia
958 1083 995 1118 et
1025 1092 1171 1118 summa
1203 1083 1285 1118 arte
1315 1081 1463 1129 tragica
1495 1092 1648 1128 compo-

150 1150 274 1186 situm.
344 1149 523 1186 Alteram
574 1148 659 1186 dico
701 1151 849 1197 partem
896 1149 1175 1196 Polymestoris
1219 1148 1424 1186 monodiae
1464 1149 1503 1185 in
1549 1149 1644 1185 Hec.

156 1217 262 1254 1088
277 1228 359 1265 sqq.
420 1217 572 1265 Optime
613 1228 680 1254 eur
717 1219 832 1265 poeta
862 1217 972 1253 varia
1001 1219 1124 1254 metra
1154 1228 1222 1254 suo
1254 1216 1434 1264 quodque
1464 1217 1551 1254 loco
1582 1227 1648 1264 po-

152 1286 280 1331 suerit,
328 1285 578 1333 intellegitur.
648 1285 893 1332 Polymestor
936 1284 1166 1322 obcaecatus
1206 1284 1379 1322 Achivos
1420 1284 1649 1330 conclamat,

152 1356 194 1391 ut
223 1353 401 1390 miseram
433 1364 539 1390 suam
571 1354 712 1390 sortem
745 1351 916 1398 videant,
948 1355 984 1389 et
1016 1352 1195 1400 exprimit
1225 1355 1341 1401 poeta
1371 1352 1538 1388 animum
1570 1351 1650 1388 eius

153 1422 361 1459 excitatum
385 1421 560 1458 versibus
582 1420 828 1467 dochmiaois‚
851 1420 988 1468 quibus
1010 1420 1125 1457 iambi
1148 1422 1186 1458 et
1200 1420 1374 1457 trochaei
1390 1420 1525 1457 inserti
1540 1421 1649 1456 sunt:

288 1548 324 1576 v.
360 1536 477 1573 1088.
642 1553 676 1566 ψ
705 1553 772 1566 ψψ
802 1558 832 1559 ἡ
882 1558 912 1559 ff
950 1558 981 1559 77
1270 1570 1289 1589 ἢ

645 1621 678 1635 v
706 1621 774 1635 ψψ
802 1621 835 1634 ψ
865 1621 932 1635 vv
1017 1620 1051 1635 ψ
1080 1621 1247 1634 -Ῑῖψῂ

644 1696 677 1698 ἢ
706 1689 769 1704 xum
804 1695 835 1697 »-
882 1690 915 1703 ψ
950 1695 981 1697 —

626 1758 692 1772 -μυ
724 1758 758 1771 ψ
805 1764 836 1765 j
884 1764 915 1765 j
968 1749 1199 1779 jvvvj.

644 1827 678 1840 ψ
725 1833 756 1835 ἡ
804 1827 837 1840 ψ
890 1833 894 1834 ⁷
967 1816 969 1848 Ι
1019 1826 1053 1840 ψ
1172 1826 1205 1839 ψ

629 1895 697 1909 W
731 1895 764 1909 υ
794 1895 861 1909 W
890 1895 923 1908 ψ
969 1900 970 1914 ,
1021 1900 1053 1902 -
1083 1895 1161 1908 vj

155 1982 363 2029 Hucusque
391 1980 518 2017 omnia
541 1980 720 2018 brevibus
743 1979 1088 2017 exclamationibus
1110 1979 1384 2028 exprimuntur.
1444 1978 1542 2014 Tum
1566 1988 1650 2014 cum

153 2062 265 2088 nemo
307 2050 514 2087 clamorem
557 2048 699 2096 audiat,
741 2048 790 2086 ad
831 2060 1045 2086 sermonem
1086 2046 1279 2084 declinat:
1327 2045 1524 2094 „Auditne
1556 2045 1651 2093 quis,

156 2130 205 2155 an
246 2129 358 2155 nemo
392 2118 537 2155 auxilio
568 2116 727 2154 veniet?
789 2116 890 2162 Quid
922 2115 1211 2153 cunctamini‘?“
1276 2113 1430 2163 Optime
1460 2113 1533 2151 hoc
1564 2114 1651 2151 loco

154 2186 327 2224 senarius
368 2188 453 2225 stat.
513 2186 613 2223 Tum
652 2184 790 2223 iisdem
820 2184 956 2222 iambis
987 2195 1152 2233 pergens
1184 2184 1429 2230 Polymestor
1460 2182 1524 2228 eis,
1556 2192 1652 2229 quos

154 2254 351 2292 adstantes
382 2253 501 2302 fingit,
540 2255 681 2301 narrat,
722 2265 821 2302 quae
862 2265 902 2290 se
933 2253 1168 2290 violaverint
1198 2251 1375 2288 feminae.
1435 2250 1583 2286 Tamen
1613 2248 1652 2285 hi

153 2334 288 2360 versus
328 2323 490 2359 multum
531 2322 711 2360 differunt
751 2322 798 2360 ab
838 2322 921 2370 ipso
952 2321 1136 2360 trimetro.
1196 2319 1318 2364 Quem
1350 2320 1543 2356 cantatum
1574 2328 1653 2353 non

154 2403 239 2429 esse
271 2391 385 2428 etiam
416 2389 539 2428 forma
570 2389 873 2427 demonstratur:

620 2489 849 2520 v—vQ—:w
871 2489 1195 2520 -ψ-ζυ--ψέα

156 2573 313 2620 syllaba
351 2572 461 2609 brevi
501 2573 621 2621 magis
662 2572 778 2609 etiam
819 2570 1004 2608 dividitur
1042 2582 1065 2607 a
1106 2569 1267 2617 reliquis
1298 2568 1484 2606 versibus.
1544 2567 1652 2613 Quae

156 2653 242 2679 cum
281 2641 335 2678 ita
374 2641 460 2688 sint,
501 2640 573 2678 hac
616 2641 656 2677 in
698 2640 878 2678 monodia
920 2641 1074 2677 cantata
1115 2650 1232 2675 unum
1272 2637 1459 2675 habemus
1489 2647 1653 2683 versum,

155 2721 269 2757 quem
298 2709 503 2758 ponuntiat
523 2709 778 2756 Polymestor,
809 2720 883 2756 quo
911 2707 1023 2745 modo
1046 2708 1244 2755 eleganter
1266 2717 1422 2743 carmen
1453 2703 1654 2742 descendit

159 2776 209 2815 ad
250 2788 476 2826 sermonem,
518 2789 601 2815 eum
642 2788 756 2815 sensu
795 2775 835 2816 id
876 2775 1138 2814 necessarium
1177 2773 1366 2823 videatur,
1407 2775 1444 2811 et
1480 2771 1654 2814 ascendit
