1961 3179
199 192 284 245 [25]
1607 184 1688 220 329

197 307 333 344 Finem
365 305 513 343 faciunt
543 303 678 342 horum
709 314 888 340 versuum
911 301 985 339 duo
1009 313 1143 339 versus
1164 300 1319 338 iambici
1341 301 1377 337 et
1399 297 1692 347 ithyphallicus.

197 374 318 412 lambi
348 373 528 411 usitatam
559 371 704 410 habent
734 370 913 409 formam:

762 479 888 493 —xa—
904 469 1114 502 ——————

197 555 455 605 ithyphallico
499 557 642 601 autem,
683 554 748 602 qui
790 552 892 591 idem
932 554 971 590 in
1012 565 1046 589 v.
1081 552 1185 589 1746
1232 552 1384 589 tertium
1431 549 1579 599 positus
1625 551 1692 595 cst,

197 627 319 662 totum
352 635 508 661 carmen
539 623 680 671 optime
712 622 939 660 continetur.

311 703 383 741 Vv.
404 714 486 751 sqq.
509 702 680 751 corrupti
710 704 808 739 sunt.
868 701 1019 740 Certam
1061 699 1294 738 emendandi
1324 699 1426 736 viam
1456 710 1516 735 me
1546 696 1694 734 indica-

197 773 323 809 turum
365 782 449 809 esse
489 782 715 820 persuasum
756 769 881 808 habco
923 770 962 806 in
1003 768 1352 812 dissertatiuncula,
1392 778 1506 815 quam
1536 765 1696 814 incripsi

204 840 288 888 „De
310 840 407 877 trim.
429 839 566 876 iamb.“
630 839 716 876 Hoc
738 839 827 876 loco
849 836 889 875 id
911 850 1027 875 unum
1048 837 1259 875 monuerim
1282 835 1453 873 membra
1474 829 1695 886 συγγόνου

199 900 246 946 θ’
275 903 561 960 ὑβρισμάτων
601 909 638 944 et
674 903 805 954 νέκυς
847 900 1049 951 ἄθαπτος
1086 901 1249 956 οἴχεται
1286 902 1422 941 eodem
1453 901 1566 939 modo
1597 902 1697 938 inter

202 987 242 1014 sc
272 975 520 1025 respondere,
552 987 627 1024 quo

747 1057 905 1105 εὔκλεᾶ
943 1078 992 1117 με
1026 1059 1153 1117 θήσει

677 1136 716 1172 et
747 1129 903 1174 σκότια
934 1132 989 1188 γᾷ
1021 1127 1215 1184 καλύψω

204 1226 366 1275 (similes
397 1229 486 1264 sunt
516 1238 550 1264 v.
577 1226 683 1263 1720
698 1237 770 1274 sq.:

746 1323 940 1357 -υ-Ιυ
968 1338 1002 1342 -
1032 1333 1109 1347 υ·-

742 1384 1148 1433 -υ-Ιυυυυ-).

317 1476 424 1523 Quae
469 1478 694 1525 sequuntur,
745 1475 1035 1525 simplicissima
1079 1476 1166 1512 sunt
1211 1475 1249 1512 et
1294 1473 1453 1522 optima:
1528 1470 1700 1520 Oedipus

202 1558 354 1595 semper
389 1547 527 1596 plenos
558 1545 676 1584 habet
706 1545 904 1594 dimetros,
945 1545 984 1582 in
1014 1544 1239 1593 Antigonae
1272 1545 1406 1581 contra
1436 1543 1547 1590 parte
1576 1540 1702 1590 prima

204 1616 360 1663 syllaba
390 1626 599 1664 suppressa
629 1616 698 1662 est,
727 1616 769 1651 ut
798 1613 896 1652 haec
928 1612 1118 1651 efficiatur
1147 1612 1354 1661 perspicua
1383 1609 1522 1659 figura:

411 1717 531 1755 1747.
920 1729 942 1754 a
963 1716 987 1754 b

920 1798 943 1822 a
964 1785 987 1821 b

922 1865 988 1890 aa

206 1955 408 2004 Antigona
437 1955 496 1993 his
528 1955 702 1993 versibus
732 1956 848 1993 totius
880 1955 1058 1993 carminis
1089 1953 1202 1991 finem
1234 1953 1342 1991 facit:

683 2133 876 2146 xjv—vm
905 2138 938 2141 -

684 2201 878 2214 *Aa—vv
908 2206 941 2209 -

417 2251 536 2289 1755.
685 2269 878 2283 vva—vv
907 2273 940 2277 -·

323 2629 584 2676 Versiculum,
628 2640 742 2676 quem
787 2628 861 2666 hac
902 2630 1030 2666 aetate
1070 2627 1279 2664 sescenties
1319 2625 1494 2663 videmus
1534 2637 1557 2662 a
1595 2627 1710 2673 poeta

211 2696 443 2735 adhibitum:
493 2714 799 2728 -------
829 2708 981 2745 semper
1011 2698 1053 2733 ut
1084 2695 1286 2733 dimetrum
1313 2694 1518 2732 iambicum
1539 2693 1710 2740 recitavi,

210 2766 282 2803 etsi
324 2777 441 2814 saepe
481 2764 648 2802 vidimus
690 2764 887 2813 dipodiam
926 2761 1166 2802 trochaicam
1206 2762 1266 2800 his
1308 2761 1484 2800 versibus
1520 2761 1638 2799 inseri
1674 2763 1712 2798 et

210 2833 270 2871 his
301 2834 392 2872 solis
428 2833 570 2873 fulciri.
629 2831 785 2884 Optime
817 2833 918 2871 enim
948 2831 1269 2874 Wilamowitzius
1299 2831 1340 2869 in
1369 2830 1484 2871 Herc.
1505 2829 1569 2867 112
1598 2841 1634 2879 p.
1658 2830 1710 2867 28
