1961 3179
306 91 389 129 424
1678 86 1795 138 [120]

308 205 442 243 eadem
475 207 542 243 est.
601 205 662 243 De
694 204 864 242 dialecto
896 215 980 241 cum
1010 203 1159 242 librarii
1188 202 1264 241 huc
1293 203 1391 241 illuc
1412 202 1603 250 labantur,
1634 201 1798 239 Doricas

308 285 447 321 sequor
501 272 659 310 formas:
719 272 800 309 368
850 267 1063 323 ἑξέφανας
1112 271 1199 321 (O),
1265 269 1345 310 370
1393 265 1503 325 τύχᾳ
1557 271 1705 319 (omnes
1753 269 1798 306 11.

308 343 463 390 praeter
493 341 583 389 CL).

423 476 555 525 Hipp.
587 477 679 514 878.
744 476 791 512 In
835 474 970 513 eadem
1015 474 1149 512 fabula
1192 475 1329 512 iterum
1373 485 1434 512 res
1479 472 1605 511 facilis
1650 475 1724 520 est,
1770 473 1803 511 si

311 545 487 583 codicum
509 545 704 593 sequimur
725 544 1008 581 auctoritatem:
1031 555 1066 580 v.
1089 543 1182 580 878.
1231 542 1374 580 Versus
1394 553 1472 579 non
1493 543 1597 580 certe
1619 540 1802 579 dividitur

312 614 359 651 ab
382 616 517 660 antec,
540 613 605 661 qui
624 612 726 650 idem
747 612 941 649 trimetrus
962 613 1020 649 est
1039 611 1224 648 iambicus
1246 611 1370 649 altero
1392 613 1512 648 metro
1531 610 1802 647 anaclomeno:

616 765 1261 800 υ-ψ-Ιψυψψψυιψ-υ-
1298 756 1469 806 (hiatus).

311 850 450 889 Omnia
482 850 628 888 cantari
661 849 905 887 manifestum
928 851 985 886 est
1005 860 1131 896 neque
1162 847 1330 886 admissa
1351 850 1408 886 est
1428 848 1584 895 syllaba
1604 846 1805 896 producta,

312 919 410 956 duae
441 920 567 956 autem
599 918 761 957 solutae.
821 918 947 954 Etiam
978 915 1052 953 hoc
1084 917 1174 953 1000
1210 916 1454 963 syllabarum
1493 915 1668 953 brevium
1707 915 1805 953 ratio

310 988 417 1024 valet
456 986 507 1023 ad
545 985 760 1023 reiciendas
802 984 922 1022 falsas
963 984 1214 1022 coniecturas.
1255 983 1419 1021 Efficere
1460 984 1560 1021 enim
1600 984 1807 1021 voluerunt

311 1055 385 1091 viri
427 1054 530 1092 docti
567 1054 793 1091 anaclaseos
823 1053 922 1101 legis
952 1052 1119 1100 imperiti
1149 1052 1341 1100 integrum
1371 1051 1586 1090 trimetrum
1616 1051 1808 1100 particula

315 1115 381 1174 ἄρ’
412 1121 562 1170 (Seidl.)
594 1132 661 1159 seu
691 1118 729 1172 γ’
758 1116 942 1172 (Lindau)
975 1119 1118 1157 addita.
1177 1120 1326 1157 Tamen
1355 1130 1508 1157 versum

313 1282 352 1318 in
384 1281 534 1318 cantico
565 1291 643 1317 non
673 1279 832 1317 tolerari
863 1278 1219 1317 demonstravimus.

428 1416 543 1456 And.
579 1417 697 1453 1197.
755 1416 816 1453 Ex
845 1414 969 1453 Andr.
992 1417 1127 1452 cantus
1158 1416 1330 1452 alternus
1357 1427 1391 1452 v.
1419 1415 1523 1452 1197
1538 1426 1622 1464 sqq.
1642 1416 1810 1453 tractan-

318 1486 388 1523 dus
420 1487 486 1523 est.
545 1485 684 1532 Neque
714 1495 807 1521 vero
839 1483 887 1520 de
919 1483 1087 1521 carmine
1118 1482 1215 1520 adeo
1253 1483 1443 1530 mutilato,
1483 1494 1568 1520 cum
1598 1483 1702 1521 vires
1732 1494 1810 1520 non

317 1554 525 1602 suppetant
554 1563 681 1600 neque
713 1551 891 1598 editores,
929 1551 1066 1599 quibus
1102 1551 1199 1588 locis
1236 1550 1355 1588 verba
1389 1551 1465 1588 sint
1495 1553 1685 1600 corrupta,
1723 1562 1810 1600 per-

318 1621 524 1670 spexerint,
556 1621 761 1669 quicquam
793 1619 887 1657 certi
918 1619 1046 1657 dicere
1077 1630 1290 1667 possumus.

434 1689 599 1727 Carmen
643 1690 701 1726 est
744 1687 948 1725 iambicum
992 1688 1106 1724 nullo
1152 1687 1231 1724 alio
1272 1689 1391 1724 metro
1433 1686 1609 1724 admisso.
1684 1686 1812 1732 Quare

321 1758 434 1795 etiam
466 1768 597 1794 omnes
633 1756 799 1794 arbitror
836 1755 1030 1793 trimetros
1071 1757 1245 1792 cantatos
1285 1754 1413 1803 fuisse,
1453 1754 1527 1792 etsi
1567 1754 1615 1792 de
1646 1767 1681 1792 v.
1705 1754 1813 1791 1204

322 1828 359 1863 et
395 1825 499 1862 1208
541 1824 709 1862 dubitari
749 1826 887 1872 potest,
918 1835 967 1860 an
999 1835 1021 1860 a
1051 1822 1271 1871 coryphaeo
1302 1822 1492 1861 dicantur.
1551 1821 1654 1868 Quos
1684 1824 1813 1860 tamen

323 1904 370 1931 ex
401 1893 548 1931 arsibus
578 1892 720 1940 ubique
750 1891 932 1930 brevibus
964 1890 1145 1929 concludi
1174 1891 1268 1929 licet
1297 1890 1455 1928 cantari.

435 2018 540 2056 Hec.
573 2016 664 2055 684.
723 2017 769 2054 In
800 2016 949 2054 cantico
988 2016 1115 2053 soluto
1145 2015 1241 2052 Hec.
1264 2014 1344 2052 684
1356 2026 1438 2063 sqq.
1469 2026 1584 2052 unam
1613 2014 1814 2053 Hecubam

324 2088 480 2124 cantare
501 2086 577 2122 iam
599 2096 715 2134 supra
735 2096 771 2133 p.
792 2085 870 2121 118
892 2083 1033 2123 monui.
1083 2083 1199 2121 Cuius
1220 2082 1371 2130 menda,
1392 2095 1477 2121 cum
1499 2083 1814 2131 compositionem

323 2153 534 2192 indicarem
550 2165 586 2202 p.
605 2153 668 2199 65,
690 2163 847 2189 sanasse
870 2151 961 2188 mihi
982 2149 1127 2188 videor.
1159 2150 1252 2188 Cum
1275 2152 1313 2187 et
1333 2149 1479 2187 famula
1499 2149 1726 2198 chorusque,
1749 2150 1815 2198 qui

323 2223 543 2270 loquuntur,
575 2223 613 2258 et
632 2220 794 2258 Hecuba
823 2219 1015 2257 trimetros
1046 2217 1225 2265 habeant,
1257 2218 1400 2266 optime
1431 2218 1542 2255 illam
1563 2217 1611 2255 de
1633 2217 1814 2256 brevibus

324 2290 452 2338 legem
481 2291 586 2327 recte
616 2299 687 2326 nos
718 2287 895 2326 statuisse
927 2286 1182 2335 cognoscitur.
1240 2286 1340 2323 Nam
1371 2297 1456 2323 cum
1488 2285 1748 2324 conferamus:

529 2391 563 2416 v.
587 2380 667 2416 688
699 2379 820 2416 Fam:
865 2384 1193 2419 Ξ-υ-ι--ψ
1221 2398 1256 2403 .-
1288 2384 1477 2417 ι--υ-

569 2447 666 2494 (693
699 2445 828 2485 Ghor.:
870 2453 1196 2486 --ψ-ιψ-ψ
1223 2444 1492 2492 -1ψ-ψ-)

587 2515 668 2552 698
700 2515 819 2551 Fam:
868 2521 1196 2555 --υ-ι--ψ
1224 2535 1258 2539 -
1290 2519 1479 2553 {xj-22-

588 2583 667 2619 702
700 2582 821 2619 Fam:
870 2587 1296 2622 ——v-a--vwl
1311 2597 1479 2611 -----

589 2650 669 2686 713
702 2649 829 2687 ΟΙιοι·.;
871 2656 1199 2690 --υ-ι--ψ
1227 2671 1261 2675 -
1292 2655 1481 2690 ιυ-ψ-

330 2728 416 2755 cum
445 2716 524 2755 his:
