1961 3179
159 262 277 315 [115]
1572 260 1654 302 419

159 390 273 428 posse
315 381 353 417 et
396 377 526 416 theses
572 378 719 416 solutas
762 378 863 416 inter
905 389 946 416 se
991 390 1070 416 non
1108 376 1346 427 respondere
1386 378 1462 415 iam
1503 377 1656 427 saepius

160 446 336 487 vidimus.
394 445 608 485 Antecedit
637 446 753 488 trim.t

161 616 286 654 sequ:

672 680 1150 716 ψυυυυψΙκ-κψυυ-

275 808 440 851 Bacch.
483 810 575 847 997.
649 810 837 849 Ultimum
881 809 1017 848 horum
1062 810 1321 848 trimetrorum
1365 809 1578 859 reperimus
1621 809 1661 847 in

161 877 306 916 Bacch.
330 879 428 916 997:

276 1037 380 1084 Quos
411 1037 516 1076 haud
546 1050 692 1087 paucos
722 1039 831 1077 locos
862 1038 1196 1077 considerantibus
1226 1038 1349 1086 nobis,
1386 1050 1486 1087 quae
1517 1039 1567 1077 sit
1596 1039 1663 1076 lex

163 1106 515 1156 componendorum
546 1107 807 1145 trimetrorum
829 1107 870 1144 in
892 1107 1066 1156 partibus
1087 1107 1262 1154 cantatis,
1293 1109 1468 1156 apparet.
1524 1108 1662 1155 Neque

163 1175 264 1213 enim
294 1176 462 1213 virorum
493 1175 736 1224 sapientium,
767 1175 1059 1225 philologorum
1090 1178 1159 1222 est,
1190 1187 1276 1213 cum
1298 1178 1355 1213 tot
1374 1175 1450 1213 sint
1471 1176 1663 1224 exempla,

164 1243 292 1281 omnia
323 1244 429 1281 casui
459 1243 637 1281 tribuere.
698 1243 881 1281 Videmus
912 1244 953 1281 in
983 1244 1164 1282 trimetris
1186 1244 1350 1282 cantatis
1370 1244 1522 1281 nullam
1544 1244 1664 1291 sylla-

163 1311 299 1349 barum
335 1311 594 1361 „ancipitum“
629 1311 793 1361 produci
822 1312 896 1350 nisi
926 1313 1090 1361 primam
1120 1312 1236 1350 totius
1266 1323 1412 1350 versus.

279 1390 387 1437 Quae
417 1391 556 1440 regula
585 1392 711 1429 minus
741 1391 895 1429 videtur
926 1392 1032 1439 mira,
1071 1403 1156 1429 cum
1187 1403 1254 1430 eas
1284 1403 1357 1438 res,
1396 1402 1491 1440 quas
1523 1391 1665 1440 optime

164 1459 340 1497 Blassius
372 1471 420 1497 ex
441 1459 671 1498 Aristoxeni
700 1456 920 1508 fragmento
944 1460 1102 1498 metrico
1125 1459 1468 1508 (Grenfell-Hunt,
1499 1458 1666 1507 Oxyrrh.

163 1539 252 1577 pap.
290 1527 325 1574 I,
369 1539 407 1577 p.
448 1527 497 1564 14
527 1528 626 1576 sqq.)
687 1527 967 1566 demonstravit
1016 1529 1141 1576 (Neue
1190 1527 1435 1566 Jahrbiicher
1487 1528 1594 1566 1899
1640 1528 1669 1575 Ι,

164 1608 201 1645 p.
224 1596 277 1633 30
289 1596 400 1644 sqq),
432 1596 692 1644 observemus,
724 1607 770 1633 ea
799 1598 932 1645 metra,
964 1607 1063 1644 quae
1094 1599 1209 1634 vocat
1229 1596 1486 1634 Aristoxenus
1509 1591 1668 1635 δακτύ-

165 1664 270 1711 λους
310 1657 426 1703 κατὰ
465 1660 644 1716 ἴαμβον,
686 1664 733 1701 ab
775 1665 847 1712 eis,
889 1675 988 1713 quae
1030 1664 1257 1713 simpliciter
1298 1663 1444 1702 iambos
1486 1665 1669 1712 nominat,

166 1731 458 1781 distinguamus.
518 1732 685 1781 Egregie
706 1732 879 1770 Blassius
910 1732 964 1782 (p.
986 1732 1035 1770 41
1051 1732 1151 1781 sqq.)
1183 1732 1366 1781 cognovit
1396 1731 1469 1771 hoc
1499 1733 1588 1770 loco
1621 1731 1670 1770 de

166 1812 211 1839 eo
252 1802 374 1838 metro
411 1800 493 1849 agi,
541 1800 645 1849 quod
684 1800 875 1850 producta
914 1801 1038 1850 prima
1080 1801 1236 1849 syllaba
1280 1800 1355 1839 hoc
1385 1819 1555 1832 --v—
1587 1799 1671 1838 fieri

165 1870 304 1918 potest,
341 1871 379 1907 et
410 1868 457 1906 dc
489 1880 545 1916 eo,
585 1869 626 1906 in
666 1880 742 1917 quo
785 1881 831 1907 ea
860 1869 1022 1907 licentia
1051 1881 1130 1907 non
1170 1869 1394 1907 admittitur.
1453 1870 1592 1917 Neque
1624 1880 1670 1907 ea

167 1949 209 1975 re
241 1939 446 1987 perspecta
476 1936 724 1986 impedimur,
766 1937 968 1986 quominus
1007 1939 1113 1975 recte
1152 1937 1296 1987 ubique
1331 1938 1542 1986 „metrum“
1576 1937 1669 1974 iam-

168 2005 296 2043 bicum
328 2007 539 2043 statuamus
560 2004 652 2044 hoc:
682 2023 878 2054 υ-υ-,
908 2018 987 2044 non
1014 2005 1264 2044 semiambum
1297 2023 1398 2044 υ-.
1457 2005 1669 2054 Utramque

167 2073 381 2111 iamborum
410 2073 598 2111 rationem
628 2073 668 2111 in
697 2074 931 2122 tragicorum
962 2073 1123 2112 canticis
1143 2073 1311 2111 inveniri
1331 2072 1432 2111 idem
1454 2073 1514 2110 vir
1535 2072 1671 2110 doctus

169 2140 456 2180 demonstravit.
524 2141 607 2179 Iam
647 2140 911 2191 intellegimus
949 2141 990 2178 in
1029 2141 1212 2179 trimetris
1250 2141 1419 2191 partium
1458 2141 1670 2189 lyricarum

167 2221 357 2259 nusquam
397 2210 445 2248 ab
490 2209 676 2259 Euripide
723 2204 948 2249 δάκτυλον
991 2204 1105 2249 κατὰ
1150 2206 1329 2261 ἴαμβοι),
1375 2208 1444 2248 sed
1484 2212 1526 2246 ut
1566 2209 1671 2247 clare

170 2280 348 2317 secernat
377 2277 524 2327 dialogi
553 2279 743 2317 rationem
775 2290 798 2316 a
827 2278 1075 2325 canticorum,
1112 2277 1218 2316 solos
1254 2277 1448 2326 „iambos“
1484 2276 1671 2315 adhiberi.

169 2344 352 2395 (Omnino
382 2346 452 2384 ille
484 2340 702 2394 δάκτυλος
731 2339 847 2385 κατὰ
875 2341 904 2386 ἲ.
935 2356 1046 2383 rarus
1078 2347 1134 2384 est
1163 2346 1203 2382 in
1232 2344 1510 2395 posterioribus
1530 2347 1671 2394 poetae

168 2414 322 2455 fabulis,
382 2414 460 2453 Sed
489 2415 637 2453 incerta
668 2417 726 2453 est
754 2426 827 2462 res,
858 2425 944 2452 cum
974 2425 1111 2452 versus
1142 2413 1329 2452 iambicos
1360 2413 1435 2451 nisi
1469 2411 1576 2451 hiatu
1605 2414 1673 2450 aut

169 2482 279 2521 brevi
309 2482 465 2531 syllaba
494 2494 573 2521 non
608 2482 797 2531 possimus
839 2482 1054 2531 seiungere.
1113 2480 1242 2527 Quare
1284 2493 1367 2519 eam
1408 2481 1671 2529 quaestionem

170 2551 211 2588 in
242 2551 350 2589 aliud
379 2553 530 2601 tempus
561 2550 716 2589 differre
747 2551 891 2600 cogor.)

285 2632 341 2670 At
380 2630 554 2680 proferat
596 2631 787 2679 quispiam
817 2630 1007 2678 Alcestin,
1048 2628 1097 2667 de
1128 2640 1204 2677 qua
1234 2627 1403 2667 nondum
1434 2627 1555 2667 verba
1584 2627 1671 2676 feci,

171 2701 288 2748 atque
319 2699 521 2748 praedicet
551 2710 597 2737 ea
627 2710 705 2736 una
735 2697 871 2735 fabula
900 2698 1041 2747 legem,
1079 2708 1194 2746 quam
1225 2695 1338 2734 modo
1371 2696 1583 2744 statuimus,
1613 2697 1671 2734 in-

172 2779 284 2805 anem
316 2778 400 2805 esse
433 2766 697 2805 demonstrari.
757 2766 857 2803 Nam
887 2764 1088 2803 videamus
1130 2765 1291 2813 primum
1323 2763 1432 2802 chori
1463 2765 1671 2803 stasimum.

173 2835 338 2874 Carmen
369 2834 574 2872 admodum
606 2836 828 2883 corruptum
858 2834 976 2883 plane
997 2844 1074 2871 non
1096 2835 1223 2882 potest
1244 2831 1452 2880 emendari,
1483 2832 1549 2870 sed
1572 2843 1672 2881 quae

172 2903 249 2941 sint
279 2902 431 2951 menda,
462 2902 576 2942 facile
608 2902 860 2951 intellegitur.

1402 2975 1466 3011 28*
