1961 3179
275 144 357 181 438
1650 139 1768 190 [134]

726 305 1304 340 ψ-υ-ι--υ-ιψ-υ-

275 356 429 394 tertium
460 356 500 393 in
530 357 611 393 etr:

728 486 1302 521 --ψ-Ι-.-ψ-Ι--ψ-

276 537 315 574 111
346 537 509 574 antistr.:

729 600 1305 635 ssss-ssvuwv—vffllvffvm

729 670 1101 700 υ--υᾲζ--υή
1138 678 1306 692 υῐψ-

391 763 518 808 Quare
548 762 659 800 huius
691 763 829 800 cantici
858 762 1069 810 harmonia,
1115 774 1213 811 quae
1244 762 1408 800 hominis
1436 762 1585 799 metrici
1616 762 1771 799 auribus

277 834 354 868 tam
397 831 564 868 suaviter
604 830 802 868 blanditur
846 831 896 878 (v.
920 831 1062 879 supra),
1103 831 1150 868 ab
1181 831 1237 877 iis,
1280 831 1345 878 qui
1376 830 1596 876 audiebant,
1627 830 1771 867 clarius

278 899 604 948 perspiciebatui·,
646 898 844 936 doehmios
887 899 987 936 enim
1029 899 1199 936 cantavit
1239 898 1430 945 Theseus,
1477 898 1648 936 senarios
1684 909 1771 947 pro-

279 967 484 1004 nuntiavit.
543 967 604 1004 Ne
645 965 777 1004 credat
822 966 905 1014 quis
937 978 981 1003 eo
1013 966 1127 1003 modo
1157 967 1273 1014 plane
1305 966 1431 1003 dirimi
1461 969 1578 1014 atque
1608 965 1773 1003 discindi

280 1035 484 1072 canticum!
543 1034 707 1071 Animus
739 1033 891 1082 quidem
914 1033 1056 1071 Thesei
1078 1036 1244 1071 maestus
1274 1034 1597 1081 turbulentusque
1630 1033 1772 1082 optime

279 1102 509 1151 depingitur,
550 1113 635 1139 eum
666 1101 779 1139 modo
817 1104 948 1139 cantet
977 1100 1090 1139 modo
1121 1102 1318 1149 quuatur,
1358 1102 1440 1138 arte
1471 1103 1597 1138 autem
1627 1101 1773 1139 musica

280 1182 327 1207 ex
358 1170 486 1208 multis
518 1170 692 1219 partibus
723 1181 839 1206 unum
870 1168 1018 1207 fecerat
1047 1171 1163 1217 poeta
1195 1169 1397 1215 canticum,
1428 1169 1607 1206 tibiarum
1638 1171 1772 1207 cantus

280 1239 502 1286 numerique
534 1250 612 1275 non
643 1237 1030 1286 interrumpebantur,
1061 1240 1102 1274 ut
1133 1237 1233 1274 actio
1256 1248 1301 1274 ea
1323 1236 1403 1274 fere
1425 1239 1536 1284 esset,
1567 1248 1681 1284 quam
1702 1247 1773 1274 nos

279 1306 636 1343 melodi-amaticam
659 1305 926 1343 consuevimus
947 1316 1100 1344 vocare.
1160 1304 1281 1350 Quam
1304 1316 1384 1342 rem
1407 1304 1589 1342 affirmari
1610 1304 1774 1341 arbitror

279 1374 503 1411 Aristotelis
535 1374 773 1421 auctoritate,
805 1384 891 1411 oum
911 1372 987 1411 huo
1008 1371 1171 1410 referam
1193 1372 1324 1410 Probl.
1356 1372 1419 1419 IX,
1453 1373 1488 1421 6,
1519 1371 1566 1410 de
1588 1383 1664 1420 quo
1685 1373 1772 1410 loco

279 1443 400 1479 multa
430 1441 676 1491 disputarunt
706 1441 779 1478 viri
810 1440 928 1479 docti:

485 1537 557 1582 διὰ
586 1540 629 1581 τί
660 1534 685 1594 ἦ
719 1536 1070 1594 παρακαταλογὴ
1100 1537 1148 1581 ἐν
1177 1546 1271 1589 ταῖς
1301 1534 1437 1594 (ρ’δαῖς
1467 1535 1706 1594 τραγικόν,·
1745 1534 1774 1593 ἤ

418 1605 488 1650 διὰ
518 1603 598 1664 τὴν
629 1608 908 1661 ἂνωμαλίαν,·
940 1604 1198 1663 παθητικὸν
1229 1604 1310 1661 γὰρ
1342 1602 1394 1648 τὸ
1428 1606 1670 1661 (ἔνωμαλές,
1699 1606 1774 1648 καὶ

417 1675 465 1717 ἐν
485 1676 663 1730 μεγέθει
685 1674 815 1730 τύχης
836 1670 862 1731 ἢ
883 1672 1037 1730 λύπης.
1079 1672 1130 1717 τὸ
1154 1674 1199 1716 δὲ
1216 1674 1375 1729 ὁμαλὲς
1392 1672 1582 1716 ἔλαττον
1595 1675 1773 1729 γοῶδες.

281 1782 381 1818 Nam
419 1792 503 1818 cum
535 1775 760 1833 καταλογή
791 1780 838 1817 sit
873 1774 948 1827 „to
979 1774 1034 1818 τὰ
1067 1773 1239 1834 ᾄσματα
1268 1774 1325 1831 μὴ
1357 1772 1448 1818 ὑπὸ
1477 1776 1599 1831 μέλει
1631 1776 1774 1831 λέγειν

283 1848 523 1896 (KHesyeer‘,
554 1849 578 1888 i.
601 1860 632 1885 e.
664 1859 817 1885 carmen
850 1847 1009 1896 aliquod
1038 1849 1300 1897 pronuntiare,
1331 1860 1408 1885 non
1439 1850 1605 1895 eantare,
1635 1859 1772 1898 παρα-

283 1911 507 1968 καταλογὴ
549 1916 646 1953 nihil
687 1915 793 1953 aliud
834 1915 1051 1963 significare
1082 1919 1208 1964 potest
1239 1927 1354 1963 quam
1389 1909 1517 1967 ,,παρ’
1549 1906 1691 1954 αὐλὸν
1721 1910 1776 1953 τὰ

284 1977 450 2038 ᾅσματα
493 1981 677 2035 λέγειυ“,
721 1984 970 2032 pronuntiare
1007 1995 1171 2031 carmen,
1212 1995 1296 2021 cum
1336 1983 1514 2021 tibiarum
1555 1982 1659 2020 modi
1698 1995 1776 2020 non

282 2053 618 2101 interrumpantur.

396 2188 585 2226 Heraol.
618 2188 680 2224 73.
739 2188 861 2224 Multo
908 2188 1023 2225 etiam
1067 2188 1190 2235 magis
1235 2199 1350 2235 quam
1394 2187 1433 2224 in
1478 2187 1594 2235 Hipp.
1625 2187 1775 2225 cantico

285 2256 533 2304 opprimimur
564 2256 603 2292 in
642 2254 902 2304 perquirenda
932 2254 1087 2292 Heraol.
1119 2254 1279 2303 parodo.
1338 2255 1397 2291 Ne
1428 2255 1540 2291 nimis
1575 2255 1624 2291 sit
1652 2254 1776 2303 inopi-

285 2326 396 2360 natus
428 2324 564 2369 exitus,
594 2325 715 2360 totum
738 2334 892 2360 carmen
913 2322 1226 2370 pertractandum
1249 2325 1315 2359 est.
1375 2322 1660 2360 Sententiarum
1681 2321 1775 2359 ordo

283 2391 395 2427 nimis
428 2391 590 2438 simplex
622 2393 688 2427 est.
749 2389 876 2435 Quare
908 2390 1026 2426 simul
1055 2401 1256 2438 possumus
1288 2390 1507 2435 observare,
1538 2389 1676 2437 quibus
1706 2400 1774 2426 nu-

284 2458 398 2494 meris
438 2469 644 2506 expressae
683 2458 757 2494 siut
796 2457 1019 2495 sententiae.
1079 2457 1204 2494 Breve
1244 2460 1301 2494 est
1332 2456 1546 2494 diverbium
1575 2456 1773 2495 1013100-

284 2525 452 2573 preique,
484 2525 584 2573 quod
608 2537 690 2562 eom
714 2525 936 2572 audivisset,
967 2524 1106 2562 chorus
1126 2525 1270 2561 auxilio
1292 2525 1467 2564 accurrit.
1526 2524 1631 2562 Ante
1651 2524 1775 2573 ipsum

286 2592 393 2629 chori
425 2604 582 2630 carmen
613 2593 723 2630 libris
753 2592 792 2630 hi
822 2592 1026 2629 traduntur
1055 2592 1218 2629 trimetri
1247 2592 1357 2629 Iolao
1388 2591 1538 2629 tributi:

557 2689 604 2732 ἔα
636 2689 700 2732 ἔα·
747 2692 813 2741 τίς
843 2684 869 2745 ἦ
901 2688 982 2745 βοή
1015 2691 1168 2745 βωμοῦ
1200 2690 1335 2739 πέλας

560 2756 725 2814 ἕστηκε,
758 2759 895 2800 ποίαν
926 2755 1159 2812 συμφορὰν
1189 2758 1317 2810 δείξει
1344 2755 1478 2811 τάχα;

1942 2503 1961 2546 ,η
