1961 3179
195 216 279 267 [43]
1607 214 1686 252 347

303 330 349 367 In
379 342 414 367 v.
440 329 517 367 115
550 340 628 366 non
651 324 1001 383 Κλυταιμήστρα,
1040 328 1144 377 quod
1180 329 1392 378 simplicius
1423 328 1584 375 videtur,
1621 327 1689 366 sed

193 393 338 450 κούρα
368 398 644 446 interpolatum
676 399 744 444 cst,
784 399 826 434 ut
867 408 915 434 ex
952 409 996 434 co
1030 400 1203 446 apparet,
1244 397 1348 445 quod
1386 396 1490 435 idem
1530 397 1689 434 verbum

193 467 308 504 etiam
338 466 377 503 in
408 477 442 503 v.
465 477 520 514 sq.
552 467 668 512 extat,
699 465 764 502 ubi
795 465 917 502 omitti
949 477 1027 502 non
1057 467 1194 514 potest.
1255 465 1347 502 Wil.
1379 465 1534 514 scripsit
1563 457 1689 503 κᾶτε-

191 532 270 573 κέυ
307 546 359 585 με
396 528 484 581 κτὲ,
529 533 639 571 Hart.
672 530 746 572 καὶ
778 530 917 571 τίκτω,
947 546 1009 584 με.
1072 534 1119 570 Et
1151 533 1190 570 in
1222 545 1257 570 v.
1283 533 1360 570 120
1403 536 1440 570 et
1480 533 1519 569 in
1550 545 1584 569 v.
1611 531 1687 569 135

192 602 374 650 syllabae
406 614 500 640 των
530 600 723 638 delendae
755 604 853 647 sunt,
885 612 1045 648 quarum
1078 602 1203 639 altera
1233 601 1348 649 (120)
1370 613 1392 638 a
1418 601 1685 648 „correctore“

192 670 343 708 demum
374 669 507 707 addita
538 672 605 716 est,
635 672 677 706 ut
707 680 859 706 versum
881 669 1118 717 adaequaret
1139 669 1421 718 antistrophum
1442 669 1690 716 reliquosque

192 737 375 787 strophae
407 748 552 784 versus,
590 737 654 785 qui
686 750 708 774 a
737 736 838 786 pede
868 737 1059 786 incipiunt
1090 737 1299 775 trochaico.
1360 736 1531 775 Consilio
1563 739 1690 773 autem

191 809 308 855 poeta
339 805 402 843 hic
433 806 558 844 subito
589 807 796 843 metrorum
824 817 977 843 cursum
999 805 1226 843 retardavit.
1285 806 1384 843 Nam
1405 816 1548 843 novum
1569 803 1691 853 quod-

192 874 280 912 dam
312 875 360 912 ab
392 886 436 912 eo
468 885 583 912 versu
613 874 759 922 incipit,
800 874 925 923 ipsum
963 873 1166 912 monodiae
1197 876 1475 922 argumentum,
1518 884 1604 911 cum
1636 872 1690 910 eis

190 943 376 990 versibus,
416 942 482 991 qui
513 941 760 989 antecedunt,
800 942 958 979 Electra
997 941 1097 978 nihil
1136 941 1239 980 dicat
1278 941 1351 979 nisi
1388 953 1487 989 quae
1517 940 1603 989 ipsa
1632 940 1692 978 sit.

192 1010 449 1059 Coniungitur
479 1012 608 1048 autem
639 1011 765 1048 altera
794 1021 884 1059 pars
926 1021 1011 1047 cum
1044 1011 1168 1047 altera
1198 1021 1277 1047 non
1306 1010 1392 1058 ipsa
1421 1020 1474 1056 re,
1515 1008 1585 1046 sed
1614 1019 1691 1046 uno

190 1079 313 1117 verbo
356 1071 533 1127 ἀθλίου,
574 1079 596 1115 i.
620 1090 650 1116 e.
693 1090 770 1116 non
808 1079 954 1127 logica,
996 1077 1064 1116 sed
1102 1077 1386 1127 psychologica
1426 1077 1587 1115 ratione.
1646 1076 1692 1114 Id

190 1148 308 1196 igitur
348 1159 490 1184 novum
529 1147 702 1195 incipere
743 1147 884 1183 inflexo
926 1145 1025 1194 pede
1066 1146 1292 1185 ostenditur.
1361 1145 1487 1182 Etiam
1535 1145 1575 1182 in
1621 1156 1692 1184 an-

192 1216 288 1253 tistr.
319 1215 392 1253 hoc
424 1216 511 1253 loco
552 1215 755 1263 respiratio
798 1215 930 1262 aliqua
971 1219 1038 1261 est,
1081 1226 1165 1252 cum
1206 1214 1368 1253 Electra
1407 1226 1430 1250 a
1470 1224 1540 1250 sua
1580 1215 1692 1260 sorte,

193 1296 269 1332 qua
299 1283 467 1321 liberare
498 1283 620 1332 possit
657 1294 697 1320 se
738 1294 835 1320 unus
877 1282 1007 1331 frater,
1048 1282 1097 1320 de
1139 1282 1389 1330 querimoniis
1430 1283 1601 1319 transeat
1642 1280 1691 1318 ad

193 1354 382 1401 optatum:
416 1347 570 1397 ἔλθοις
603 1348 648 1390 δὲ
680 1345 841 1389 πόνων
873 1347 970 1402 ἐμοὶ
1000 1350 1056 1404 τᾷ
1086 1348 1220 1404 μελέᾳ
1251 1344 1403 1402 λυτήρ.

309 1431 454 1477 Quibus
484 1431 660 1469 versibus
689 1431 861 1480 exceptis
882 1429 973 1468 inde
995 1443 1017 1468 a
1038 1443 1073 1469 v.
1099 1430 1176 1468 115
1191 1431 1217 1480 ¹)
1246 1442 1378 1469 omnes
1401 1432 1490 1468 sunt
1510 1429 1693 1479 glyconei

195 1503 233 1538 et
262 1499 522 1549 pherecratei:

403 1591 491 1628 115.

739 1608 1170 1622 ψψψψψψψψψψ

711 1610 789 1706 Ι-
822 1676 989 1691 „wc
1025 1682 1056 1684 -
1092 1681 1170 1686 ,-

756 1750 789 1753 —
819 1745 989 1759 --ιψψ
1024 1749 1057 1753 -
1093 1745 1171 1758 ψ-

755 1818 789 1822 -.
818 1813 989 1827 --ψψ
1023 1818 1057 1822 -
1093 1813 1172 1826 ψ-

755 1887 788 1891 —
818 1881 989 1895 ——Qw
1023 1886 1058 1890 -—-
1092 1886 1126 1890 —

404 1934 493 1970 120.
678 1899 691 1962 s
827 1943 898 1987 s—
934 1954 967 1958 —
1003 1950 1217 1963 cdv-v-

825 1994 839 2038 ι
933 2022 967 2026 β
1001 2017 1217 2032 ψψψψψψ

714 2080 790 2124 Ι’-
821 2086 989 2100 ψ-υκ.)
1025 2090 1058 2094 -
1093 2086 1173 2099 ψ-

712 2130 791 2176 l—
820 2155 992 2168 -———xax.)
1026 2159 1058 2162 —
1094 2154 1173 2168 υ-

678 2168 690 2230 l
756 2228 790 2231 -
820 2223 990 2237 „W
1025 2227 1057 2229 1
1093 2228 1126 2230 ἡ

309 2331 375 2368 El.
410 2331 500 2368 167.
574 2331 699 2369 Simili
735 2331 989 2380 congruentia
1029 2332 1086 2368 est
1125 2328 1295 2380 parodus
1334 2329 1577 2376 commatica,
1619 2340 1696 2377 qua

196 2411 296 2448 quae
327 2410 443 2448 supra
473 2399 521 2438 de
552 2399 791 2448 singularum
822 2411 1075 2448 personarum
1106 2399 1267 2437 canticis
1299 2398 1520 2445 dixerimus,
1552 2397 1694 2446 optime

197 2466 490 2505 demonstratur.
559 2469 660 2505 Nam
705 2467 879 2505 videmus
925 2467 1033 2505 chori
1079 2470 1229 2516 partem
1273 2466 1397 2504 libere
1443 2466 1695 2515 compositam

197 2546 292 2583 esse,
322 2536 503 2574 Electrae
534 2539 670 2574 contra
699 2536 820 2574 verba
850 2538 891 2573 ut
921 2536 1051 2573 solent
1083 2535 1255 2573 carmina
1286 2534 1423 2572 soluta.

311 2646 339 2690 1)
375 2646 484 2680 Primi
519 2656 647 2681 versus
683 2646 751 2680 nisi
788 2649 828 2680 ut
864 2645 1084 2690 anapaestici
1120 2655 1191 2679 non
1226 2644 1442 2687 recitantur,
1479 2654 1697 2689 quamquam

195 2702 352 2748 synizesi
377 2703 478 2747 gravi
503 2713 596 2747 opus
619 2706 690 2738 est:
718 2697 1005 2759 ‹iij-'pzssccj-'pzp'ca
1053 2701 1113 2737 Sic
1137 2701 1230 2736 duae
1247 2704 1451 2737 statuuntur
1468 2701 1697 2746 tetrapodiae

197 2759 448 2795 catalecticac:
