1961 3179
200 87 317 147 [121]
1611 89 1694 130 425

583 208 694 245 Hec.:

404 299 554 339 v..689.
732 306 1063 340 v-v-ssj-e,
1093 321 1125 324 -
1157 305 1346 339 Ιψ-υ-

462 366 554 403 699.
732 374 1062 408 --ψ-Ιψ-υ
1091 389 1124 393 -
1156 375 1346 408 Ιυ-ψ-

463 434 554 471 714.
732 442 1062 476 --ψ-ιψῌυ
1091 457 1125 461 .-
1156 441 1347 476 lv-v-

201 535 443 574 manifestum
475 538 533 574 est
563 535 772 584 productas
804 547 909 574 arses
940 536 1045 574 casui
1076 548 1153 574 non
1183 547 1296 585 posse
1327 536 1451 581 tribui,
1483 535 1550 574 sed
1582 547 1698 583 quae-

202 615 365 652 cumque
395 604 663 651 cantabantur,
694 616 771 641 non
801 605 971 642 tolerare
1002 605 1110 641 illam
1132 605 1340 642 licentiam.
1399 604 1535 641 Totius
1565 614 1698 642 versus

201 672 364 722 primam
406 673 601 720 syllabam
643 673 851 721 aucipitem
893 684 976 711 esse
1006 673 1082 710 iam
1112 673 1152 709 in
1182 672 1290 710 chori
1331 672 1491 710 canticis
1521 671 1697 710 vidimus.

317 763 363 800 In
394 763 528 813 Suppl.
560 764 795 802 carminibus
825 763 999 802 iambicis
1029 775 1090 802 res
1122 763 1248 802 facilis
1279 765 1347 801 est.

316 855 376 892 De
419 854 545 904 epodo
585 854 675 893 inde
717 868 740 892 a
779 867 814 892 V.
837 854 919 892 824
959 855 1034 892 iam
1078 854 1220 893 dictum
1262 856 1299 892 et
1339 854 1531 891 trimetros
1562 853 1699 894 v.826

202 921 351 975 (ch01·.),
382 936 417 962 v.
439 924 518 960 831
554 922 711 973 (Aduo),
743 923 809 971 qui
838 924 922 972 ipsa
952 935 993 961 re
1025 924 1185 961 metrica
1214 922 1320 960 haud
1341 925 1444 960 certe
1467 921 1701 968 dividantur,

203 994 333 1029 tamen
365 991 606 1040 seiungenda
637 1003 720 1030 esse
752 1004 801 1030 ex
832 992 973 1030 cantici
1004 992 1281 1040 compositione
1312 990 1614 1028 demonstratum
1646 992 1703 1027 est

204 1060 255 1109 (p.
272 1061 319 1097 11
336 1061 419 1109 sq.).
461 1059 535 1106 Qui
553 1071 638 1098 cum
654 1061 786 1098 nullas
805 1059 975 1098 habeant
997 1059 1172 1108 syllabas
1193 1058 1413 1108 productas,
1437 1058 1580 1096 cantati
1601 1060 1701 1097 sunt.

318 1209 478 1258 Suppl.
513 1210 632 1248 1123.
693 1209 882 1256 Carmina,
914 1220 1013 1257 quae
1044 1221 1064 1246 a
1097 1221 1131 1246 v.
1156 1208 1262 1245 1123
1296 1220 1318 1245 a
1347 1206 1438 1245 filiis
1460 1209 1497 1244 et
1518 1207 1703 1245 matribus

204 1277 374 1315 vicissim
415 1279 631 1324 cantantur,
671 1290 694 1314 a
724 1277 1022 1315 Wilamowitzio
1063 1278 1118 1324 (in
1159 1276 1301 1314 Comm.
1330 1277 1438 1312 metr.
1469 1275 1503 1321 I,
1539 1275 1587 1311 13
1603 1271 1702 1326 sqq.)

205 1345 360 1393 egregie
390 1345 588 1383 illustrata
618 1347 717 1383 sunt.
776 1346 821 1382 In
851 1345 976 1394 prima
1006 1343 1165 1393 stropha
1195 1343 1265 1380 filii
1294 1343 1443 1382 habent
1473 1355 1588 1380 unum
1610 1343 1703 1380 iam-

205 1414 331 1452 bicum
371 1415 532 1451 metrum
563 1414 604 1450 in
634 1414 779 1451 antistr.
810 1413 917 1450 hiatu
949 1425 972 1450 a
1001 1412 1161 1460 reliquis
1192 1412 1396 1459 seclusum,
1438 1409 1578 1448 deinde
1609 1410 1704 1448 duos

205 1481 377 1530 integros
408 1482 592 1529 senarios,
625 1481 689 1530 qui
719 1481 935 1519 continuari
966 1482 1137 1530 possunt,
1167 1482 1247 1517 tum
1277 1479 1380 1517 hunc
1410 1479 1637 1516 trimetrum:

207 1662 336 1709 Quare
372 1663 496 1712 primo
537 1661 693 1711 quidem
734 1673 846 1699 nemo
889 1661 1138 1709 dubitaverit,
1181 1661 1274 1709 quin
1315 1660 1432 1699 etiam
1468 1659 1529 1696 illi
1566 1659 1706 1696 senarii

208 1733 423 1769 cantentur.
482 1731 634 1768 Tamen
664 1731 796 1780 aliquo
828 1729 942 1767 modo
974 1729 1201 1768 offendimus
1231 1729 1271 1765 in
1302 1740 1359 1775 eo,
1391 1727 1495 1776 quod
1522 1726 1597 1765 duo
1620 1729 1708 1764 sunt

206 1799 370 1838 trimetri
410 1799 520 1836 nullo
562 1799 639 1836 alio
682 1810 796 1836 versu
836 1798 1007 1847 separati
1048 1799 1085 1835 et
1125 1796 1228 1845 quod
1260 1809 1282 1833 a
1312 1796 1473 1843 reliquis
1503 1798 1706 1844 tantopere

207 1865 373 1906 seiuncti
405 1869 493 1905 sunt
524 1866 666 1915 (hiatus
697 1869 812 1904 antea
843 1868 881 1903 et
911 1866 1037 1903 hiatus
1070 1868 1107 1903 et
1137 1866 1227 1913 syll.
1248 1864 1377 1902 brevis
1407 1864 1447 1900 in
1468 1862 1570 1913 fine).
1629 1862 1706 1901 Sed

206 1936 282 1973 iam
313 1937 547 1973 momentum
579 1935 698 1983 affert,
730 1934 833 1983 quod
866 1937 904 1972 et
934 1933 1103 1971 filiorum
1135 1935 1269 1971 cantus
1290 1933 1355 1969 vix
1385 1932 1510 1981 potuit
1530 1933 1707 1969 constare

209 2015 229 2042 e
261 2003 410 2042 duobus
440 2004 521 2041 illis
558 2003 795 2041 brevissimis
827 2003 923 2040 colis
954 2013 1082 2050 neque
1122 2002 1206 2038 ulla
1246 2001 1378 2038 brevis
1418 1998 1608 2048 producta
1639 2000 1708 2036 est.

208 2072 307 2110 Tum
340 2072 456 2110 etiam
488 2083 544 2118 ea,
576 2083 675 2119 quae
707 2073 931 2119 sequuntur,
964 2068 1223 2119 comparanda
1250 2070 1349 2106 sunt.
1408 2069 1573 2105 Mati-um
1604 2067 1707 2104 enim

210 2139 402 2178 canticum
433 2138 579 2177 eisdem
610 2139 838 2176 terminatur
869 2137 1059 2175 versibus:

210 2390 469 2430 Vehementer
510 2390 679 2440 gaudeo,
721 2389 824 2439 quod
863 2387 1088 2426 Marklandi
1128 2387 1359 2434 coniectura,
1401 2397 1514 2434 quam
1557 2385 1708 2425 Wilam.

209 2460 287 2497 iam
316 2459 460 2506 reiecit,
503 2470 549 2496 ea
579 2459 681 2506 lege,
713 2457 760 2495 de
793 2469 869 2506 qua
900 2456 1150 2505 disputamus,
1194 2456 1300 2492 clare
1336 2453 1563 2502 repudiatur
1593 2455 1709 2502 atque

210 2528 292 2575 ille,
324 2527 389 2575 qui
418 2529 573 2575 poetam
604 2526 764 2563 uberum
785 2525 1035 2562 nutritionem
1057 2517 1226 2576 τροφὰς
1246 2515 1411 2574 ματρὸς
1432 2532 1574 2559 vocare
1595 2532 1710 2570 posse

211 2595 386 2643 negavit,
436 2594 550 2632 etiam
600 2594 768 2631 numeris
818 2592 1011 2631 refellitur
1056 2594 1094 2629 et
1137 2590 1391 2638 redarguitur.
1464 2589 1566 2626 Nam
1607 2588 1710 2626 illud

210 2660 376 2715 τροφαί
426 2674 473 2701 τε
522 2661 706 2714 μαστῶν
755 2661 795 2699 111
843 2661 952 2698 initio
1002 2659 1166 2697 trimetri
1209 2670 1286 2696 non
1330 2659 1528 2695 toleratur.
1602 2656 1708 2695 Idem

211 2718 468 2770 Marklandus
510 2729 646 2769 eodem
691 2728 805 2769 modo
845 2729 981 2767 iterum
1021 2728 1062 2766 in
1101 2728 1228 2767 altera
1268 2724 1507 2778 antistropho
1548 2726 1709 2763 metrum
