1961 3179
190 175 277 231 [19]
1602 179 1682 218 323

188 293 376 334 videlicet
415 293 474 331 bis
514 293 606 342 poni
647 305 758 332 nemo
799 293 970 340 miratur,
1012 293 1077 342 qui
1117 292 1309 342 quomodo
1350 294 1542 332 canticum
1581 305 1683 331 com-

189 362 354 410 positum
393 361 457 408 sit,
498 362 752 410 perspexerit.
820 362 956 399 Finem
997 361 1090 399 facit
1130 363 1380 409 elementum,
1421 361 1524 410 quod
1563 364 1683 400 totum

189 441 259 478 per
291 441 446 467 carmen
478 427 780 476 observavimus,
816 429 874 466 bis
905 430 1070 478 positum
1101 430 1244 467 inserto
1275 430 1446 467 trimetro
1476 429 1684 476 trochaico,

189 498 255 546 qui
297 497 589 546 coniungendus
630 500 688 535 est
728 500 765 535 et
806 509 891 534 cum
928 497 1133 545 trochaeis,
1176 498 1242 546 qui
1283 496 1396 535 modo
1440 497 1685 544 antecedunt,

190 568 227 603 et
258 577 344 603 cum
374 566 556 612 trimetro,
588 577 702 613 quem
732 566 771 603 in
801 566 908 603 initio
930 566 1157 603 invenimus.
1218 566 1333 604 Cuius
1354 566 1533 603 nimirum
1554 568 1685 615 partes

188 645 267 672 non
297 634 401 671 ultra
431 636 548 682 egent
578 633 759 671 membris
789 633 958 682 paribus.
1018 634 1124 672 Finis
1154 635 1270 683 igitur
1300 633 1363 672 hic
1394 636 1466 672 est:

613 760 646 762 fi
693 754 726 768 ψ
773 759 805 762 ο-
835 744 887 777 ψΙ
921 761 951 763 ⁷
983 755 1016 768 ψ
1046 760 1078 762 2—
1108 755 1141 768 ψ

568 906 1141 974 [υυυυψψῖυψψ-ψ
1177 960 1346 974 Ϋυῐυ

674 1028 741 1043 W
771 1029 805 1043 υ
835 1020 887 1053 —i
919 1029 953 1043 υ
984 1034 1008 1036 ——
1046 1029 1079 1042 υ
1109 1034 1141 1036 —

303 1124 485 1162 Carmina
514 1126 592 1162 tam
623 1125 826 1174 ingeniosa
856 1127 937 1163 arte
969 1125 1179 1174 composita
1209 1125 1367 1174 propria
1404 1128 1491 1163 sunt
1527 1126 1685 1163 ultimae

188 1194 327 1240 poetae
358 1192 519 1241 periodi,
562 1205 638 1241 qua
668 1194 943 1231 sententiarum
985 1194 1100 1242 eopia
1139 1193 1382 1240 deminuitur⁷
1425 1193 1687 1232 dissolvuntur

189 1259 297 1297 chori
328 1261 478 1298 cantica
509 1262 557 1298 ab
585 1262 669 1310 ipsa
691 1261 825 1299 fabula
845 1262 908 1309 ita,
941 1264 980 1298 ut
1003 1262 1218 1310 comparari
1238 1262 1387 1310 possint
1409 1273 1494 1299 cum
1517 1263 1686 1310 gemmis⁷

190 1339 300 1376 quae⁷
331 1328 499 1367 insertae
535 1330 680 1375 monili,
719 1330 894 1377 quamvis
930 1331 1091 1378 pulcrae
1127 1342 1204 1367 non
1243 1329 1477 1367 cohaereant
1511 1342 1595 1367 cum
1629 1341 1686 1369 ec.

189 1397 310 1434 Poeta
346 1399 473 1434 autem
511 1397 632 1446 ipsius
668 1397 815 1435 formae
853 1398 1097 1446 amoenitate,
1134 1410 1378 1435 numerorum
1416 1398 1542 1436 sonitu
1579 1397 1685 1436 dele-

191 1466 317 1502 ctatur
347 1467 462 1513 atque
494 1465 682 1512 delectat3
725 1466 927 1504 admiratio
970 1466 1071 1503 enim
1111 1478 1181 1504 nos
1222 1467 1340 1515 capit,
1383 1478 1496 1514 quam
1539 1467 1685 1514 ingenti

188 1532 395 1570 formarum
428 1533 540 1582 copia
569 1536 610 1570 ut
641 1535 737 1571 velit
766 1537 904 1581 utatur,
937 1533 1128 1582 quomodo
1160 1535 1313 1581 sensim,
1345 1534 1545 1582 gradatim,
1577 1547 1686 1571 num-

189 1612 303 1649 quam
334 1600 415 1638 fere
446 1603 640 1639 saltuatIm
673 1603 791 1640 alium
822 1614 973 1640 versum
1005 1615 1052 1640 ex
1083 1603 1159 1640 alio
1191 1602 1369 1649 deducat,
1399 1604 1440 1640 ut
1470 1603 1686 1640 satietatem

189 1669 294 1716 vitet,
326 1669 564 1707 harmoniam
596 1673 724 1708 autem
755 1674 892 1709 servet.

302 1806 401 1844 Hel.
424 1807 517 1844 330.
579 1806 827 1856 Quantopere
857 1810 972 1856 poeta
1002 1808 1084 1856 ipse
1115 1807 1175 1845 his
1197 1808 1537 1857 compositionibus
1560 1808 1686 1856 dithy-

188 1874 371 1913 rambicis
394 1874 610 1913 delectatus
632 1876 690 1923 sit,
713 1888 761 1913 ex
783 1887 828 1913 eo
848 1876 1102 1924 intellegitur,
1124 1876 1226 1924 quod
1243 1877 1359 1925 paulo
1382 1879 1470 1925 post
1490 1877 1530 1913 in
1552 1877 1686 1914 eadem

190 1943 325 1981 fabula
356 1944 547 1981 canticum
579 1944 863 1993 quinquaginta
894 1955 1074 1982 versuum
1115 1944 1282 1993 strophis
1319 1948 1434 1992 caret,
1476 1947 1513 1983 ct
1551 1945 1686 1982 iambis

191 2012 444 2060 compositum
482 2014 538 2050 est
574 2013 781 2050 simillimis
813 2013 884 2061 eis,
921 2024 1018 2061 quos
1055 2012 1168 2050 modo
1198 2013 1529 2061 pertractavimus.
1589 2014 1686 2050 Tam

189 2081 332 2129 longae
353 2083 484 2130 partes
511 2082 661 2119 solutae
683 2082 722 2118 in
743 2081 1016 2119 vetustioribus
1037 2080 1180 2118 fabulis
1202 2093 1408 2129 numquam
1429 2082 1687 2128 inveniuntur⁷

191 2151 229 2186 ct
259 2151 424 2198 apparet
455 2150 674 2198 eminetque
703 2150 743 2186 in
772 2150 819 2187 iis
850 2150 951 2187 senis
981 2152 1120 2198 poetae
1152 2149 1358 2197 ingenium.
1418 2150 1555 2198 Neque
1587 2151 1687 2187 enim

191 2217 393 2265 quisquam
435 2217 625 2255 eiusmodi
664 2220 806 2267 partes,
848 2218 879 2255 si
910 2217 957 2256 de
989 2229 1066 2266 qua
1099 2229 1140 2256 re
1172 2217 1420 2267 disputemus,
1451 2219 1688 2266 cognoverit,

190 2284 344 2323 facilius
375 2288 440 2323 aut
469 2286 742 2335 neglegentius
774 2286 914 2324 dixerit
944 2286 1187 2335 compositas.

303 2365 482 2403 Helenae
513 2366 705 2404 canticum
737 2367 901 2404 alterum
942 2366 1102 2404 alternis
1135 2365 1268 2404 dicunt
1297 2366 1450 2403 Helena
1481 2368 1518 2403 et
1548 2365 1686 2404 chorus

190 2445 258 2472 seu
297 2434 423 2483 potius
464 2434 719 2484 coryphaeus.
778 2435 939 2472 Numeri
978 2437 1057 2472 tam
1088 2435 1211 2483 aperti
1241 2436 1339 2482 sunt,
1380 2436 1421 2471 ut
1450 2435 1574 2483 prima
1605 2436 1686 2483 qui-

191 2502 278 2540 dem
321 2514 413 2551 pars
459 2503 582 2540 omnis
623 2503 705 2541 fere
750 2515 846 2541 sana
884 2505 1083 2540 reservata
1128 2503 1187 2540 sit.
1246 2503 1352 2540 Bene
1397 2502 1490 2540 mihi
1535 2503 1688 2541 videtur

190 2570 391 2609 Nauckius
421 2571 459 2608 in
491 2584 526 2608 v.
549 2571 630 2608 332
662 2571 897 2609 vocabulum
928 2567 1068 2610 οἴκων
1099 2571 1181 2619 (seu
1214 2566 1365 2622 δόμων
1386 2582 1461 2608 rec.
1485 2570 1548 2620 m.)
1579 2571 1684 2609 dele-

191 2638 304 2686 visse,
334 2641 376 2676 ut
405 2639 599 2676 trimetrus
630 2637 822 2676 efficiatur
852 2639 922 2688 (z
946 2637 1059 2688 342):

395 2753 488 2790 330.
702 2761 1076 2795 v—v—lv—v—
1350 2766 1373 2790 a
