1961 3179
185 235 299 289 [109]
1597 235 1679 276 413

297 352 491 390 Summum
523 355 756 391 momentum
793 353 959 402 positum
992 355 1050 391 est
1081 353 1121 390 in
1150 353 1235 402 ipsa
1266 364 1445 391 versuum
1477 354 1680 399 structura,

181 421 220 458 in
262 420 427 468 syllabis
469 421 669 469 productis
711 424 748 459 et
788 422 931 459 solutis.
993 420 1192 466 Quomodo
1231 422 1386 458 soleant
1421 420 1516 458 strui
1545 431 1680 457 versus

182 489 342 526 trimetri
384 489 528 527 cantati
569 501 617 526 ex
658 490 712 527 eis
754 489 931 527 versibus
963 490 1105 538 optime
1137 500 1423 537 cognoscemus,
1464 488 1511 526 de
1543 488 1681 536 quibus

179 569 261 595 non
302 557 470 594 dubitari
510 560 647 606 potest,
689 558 780 606 quin
821 559 1020 595 canantur.
1079 558 1217 606 Neque
1253 556 1353 595 falso
1386 556 1680 594 diiudicabimus

182 625 399 673 quicquam,
431 625 462 662 si
493 625 546 662 eis
578 625 742 677 legibus,
774 637 868 674 quas
898 626 937 662 in
968 625 1076 663 chori
1097 626 1258 663 canticis
1279 625 1534 673 statuerimus,
1565 625 1679 662 etiam

181 694 221 730 in
253 693 429 731 cantibus
461 694 621 730 alternis
654 696 691 731 et
721 693 910 732 monodiis
941 696 1101 731 utemur.

891 876 979 925 §L

298 966 558 1004 Exordiamur
601 967 718 1015 igitur
759 980 781 1005 a
825 968 941 1005 totius
986 966 1094 1005 chori
1139 967 1309 1005 canticis.
1355 989 1410 993 -—
1458 967 1504 1003 In
1547 966 1680 1015 primis

181 1034 379 1083 Euripidis
409 1035 552 1073 fabulis
583 1036 630 1083 (si
660 1036 840 1073 Alcestin
880 1035 954 1073 hoc
996 1036 1085 1073 loco
1123 1035 1317 1082 mittimus,
1360 1034 1409 1072 de
1440 1046 1516 1083 qua
1544 1037 1681 1083 postea

183 1102 390 1140 dicendum
421 1104 508 1152 erit)
550 1106 587 1141 et
625 1104 664 1141 in
695 1104 760 1150 eis,
793 1116 815 1140 a
846 1104 984 1152 quibus
1015 1105 1176 1140 alteram
1216 1102 1436 1140 fabularum
1479 1102 1680 1151 periodum

182 1172 451 1209 consuevimus
472 1172 647 1221 incipere
669 1173 813 1222 (Hipp,
834 1173 1009 1220 Hei-acl.)
1040 1183 1228 1220 nusquam
1249 1172 1443 1210 trimetros
1464 1171 1680 1209 invenimus

182 1239 366 1278 iambicos
410 1240 576 1278 insertos
622 1241 738 1278 totius
785 1240 892 1278 chori
937 1241 1111 1278 canticis.
1180 1239 1294 1278 Cuius
1339 1240 1395 1277 rei
1441 1251 1558 1277 causa
1602 1251 1681 1277 non

181 1308 306 1345 solum
345 1308 385 1345 in
426 1320 471 1346 eo
511 1309 638 1357 posita
677 1320 762 1346 esse
793 1310 932 1357 potest,
972 1307 1076 1357 quod
1108 1308 1148 1345 in
1178 1307 1314 1345 harum
1344 1307 1563 1345 fabularum
1596 1318 1678 1345 car-

181 1375 347 1413 minibus
377 1376 495 1414 iambi
526 1377 680 1414 omnino
711 1376 788 1414 rari
820 1379 918 1425 sunt,
960 1388 1086 1424 neque
1122 1376 1336 1414 uberrimus
1366 1376 1435 1414 ille
1465 1376 1680 1413 iamborum

181 1455 288 1492 usus,
331 1444 434 1492 quod
476 1444 632 1493 quidem
673 1456 743 1482 nos
784 1456 831 1482 ex
872 1445 1006 1493 paucis
1046 1444 1190 1482 fabulis
1230 1444 1393 1482 servatis
1434 1444 1680 1491 coniciamus,

181 1514 270 1549 ante
302 1524 386 1549 eam
417 1515 583 1551 aetatem
612 1514 815 1562 reperitur,
846 1524 922 1560 qua
954 1512 1089 1562 Suppl.
1121 1513 1226 1550 docti
1256 1515 1355 1550 sunt.
1414 1513 1551 1561 Neque
1580 1513 1680 1550 enim

181 1582 318 1629 postea
354 1580 395 1618 in
430 1581 606 1619 iambicis
638 1581 752 1619 modo
792 1581 968 1630 partibus
999 1583 1116 1630 poeta
1147 1581 1201 1618 eis
1231 1581 1413 1618 trimetris
1444 1581 1574 1628 utitur,
1616 1580 1681 1628 qui

180 1649 220 1685 in
250 1649 354 1686 omni
384 1648 465 1687 fere
496 1650 657 1687 alterius
678 1650 894 1698 tertiaeque
915 1649 1065 1698 periodi
1085 1648 1222 1687 fabula
1242 1649 1491 1686 inveniuntur
1512 1648 1682 1697 (praeter

180 1716 241 1754 El.
273 1719 310 1754 et
340 1716 498 1766 Phoen.,
542 1717 645 1766 quod
687 1729 735 1755 ex
774 1717 1044 1756 monodiarum
1085 1720 1123 1755 et
1163 1718 1401 1755 canticorum
1442 1718 1680 1755 alternorum

182 1784 296 1833 copia
326 1784 442 1823 facile
473 1785 744 1835 intellegitur).
803 1785 880 1824 Sed
900 1788 1058 1835 poetam
1079 1786 1134 1823 eis
1155 1785 1403 1834 temporibus,
1434 1785 1571 1833 quibus
1593 1785 1680 1823 aliis

180 1853 349 1890 licentiis
392 1855 430 1891 et
469 1853 510 1890 in
550 1853 827 1902 componendis
866 1853 1009 1891 fabulis
1040 1856 1078 1891 et
1107 1854 1146 1890 in
1176 1854 1307 1891 metris
1338 1853 1568 1891 adhibendis
1598 1856 1680 1891 ute-

180 1921 303 1968 batur,
335 1922 449 1959 etiam
470 1922 663 1959 trimetros
686 1922 778 1959 illos
799 1924 962 1971 apparet
983 1922 1136 1970 saepius
1156 1922 1377 1959 inseruisse.
1438 1921 1681 1971 Excipienda

180 1991 310 2027 tamen
352 1992 410 2027 est
450 2002 498 2027 ex
537 1989 731 2039 prioribus
772 1989 916 2028 fabulis
946 1988 1236 2038 Andromacha,
1277 2001 1378 2038 quae
1408 1992 1450 2027 ut
1479 1990 1680 2039 permultis

181 2058 268 2096 aliis
308 2059 422 2096 rebus
463 2058 579 2096 etiam
622 2057 696 2096 hoc
737 2070 807 2096 usu
847 2070 933 2096 cum
972 2058 1133 2106 reliquis
1172 2060 1312 2107 poetae
1343 2057 1553 2106 tragoediis
1583 2058 1679 2095 mira

181 2125 348 2174 quadam
368 2126 520 2165 ratione
541 2139 677 2176 parum
699 2127 902 2165 consentit.
961 2127 1062 2164 Nam
1083 2127 1155 2164 etsi
1175 2126 1304 2164 multis
1326 2126 1462 2173 causis,
1493 2126 1679 2175 imprimis

180 2205 345 2232 scaenae
384 2206 455 2232 usu
496 2195 732 2242 adducimur,
772 2197 814 2233 ut
853 2195 954 2233 inter
983 2195 1126 2244 primas
1157 2207 1241 2232 eam
1272 2194 1484 2232 habeamus
1514 2194 1678 2241 fabulas,

181 2265 218 2300 et
258 2263 346 2301 aliis
385 2263 499 2301 rebus
540 2266 577 2301 et
615 2264 798 2301 trimetris
838 2263 992 2302 insertis
1023 2264 1146 2300 multo
1176 2263 1369 2312 posterior
1398 2262 1554 2300 videtur
1584 2274 1677 2301 esse.

180 2331 331 2369 Tamen
362 2343 594 2380 quamquam
624 2333 817 2381 permulta
846 2343 1064 2381 repugnare
1100 2331 1281 2369 videntur
1313 2330 1508 2380 Euripidis
1538 2331 1679 2368 rationi

180 2410 306 2448 neque
328 2400 365 2437 ei
385 2399 486 2439 hanc
506 2400 679 2438 fabulam
700 2400 946 2438 tribuendam
967 2411 1051 2438 esse
1072 2401 1155 2438 ullo
1177 2402 1282 2437 certo
1305 2402 1461 2437 auctore
1483 2400 1679 2449 probatur,

178 2469 258 2504 tam
299 2468 405 2506 clare
449 2469 763 2518 recognoscimus
804 2468 999 2518 Euripidis
1045 2469 1224 2517 vestigia,
1269 2471 1310 2505 ut
1349 2479 1461 2505 nemo
1503 2468 1567 2515 sit,
1613 2467 1679 2516 qui

179 2538 318 2584 poetae
349 2548 434 2573 eam
464 2536 637 2574 fabulam
669 2536 846 2585 deneget.

292 2605 419 2642 Etiam
460 2605 718 2643 trimetrorum
759 2605 991 2643 insertorum
1030 2617 1120 2643 usus
1160 2616 1238 2642 non
1269 2605 1417 2643 alienus
1449 2607 1506 2642 est
1536 2617 1559 2642 a
1588 2605 1677 2642 reli-

179 2683 340 2720 quarum
370 2671 601 2711 fabularum.

292 2809 432 2847 Andr.
470 2810 563 2850 281.
637 2809 807 2855 Quorum
852 2811 1014 2860 primum
1059 2811 1275 2848 invenimus
1319 2810 1360 2847 in
1401 2811 1524 2848 altero
1570 2810 1677 2848 chori

180 2878 336 2918 cantico
367 2891 402 2915 v.
426 2879 517 2915 281.
577 2879 646 2916 Est
685 2890 841 2916 carmen
882 2891 901 2916 e
939 2891 1081 2927 genere
1124 2877 1568 2927 dactontrochaicorum
1609 2891 1676 2917 seu
